3000 4650
559 286 591 340 lt.
607 285 746 342 conclus
761 285 856 342 CATO.
1203 279 1263 343 lll

153 472 208 533 ego
223 453 283 514 hoc
296 452 396 513 neseio
410 450 479 530 quid
486 449 687 528 gratulationis
699 456 731 510 et
743 449 866 509 honoris
883 457 1008 509 asenatu
1022 448 1096 511 tanti
1105 452 1266 514 aestimem.

152 539 244 616 Agaue
266 538 326 598 mm
348 542 448 597 tecum
468 533 661 603 familiariter,
683 540 717 594 ut
744 540 788 594 est
809 540 838 594 et
860 532 963 594 studiis
984 540 1013 594 et
1033 533 1137 596 officiis
1159 537 1267 596 nostris

152 622 262 683 mutuis
282 626 311 681 et
329 637 443 681 summa
463 620 590 679 amicitia
611 618 732 695 dignum
759 625 788 678 et
802 617 1018 679 necessitudine
1033 619 1120 679 etiarn
1135 625 1266 696 paterna.

153 707 185 766 Si
201 706 354 785 quisquam
369 704 425 765 luit
439 720 569 781 unquam
583 709 715 763 remotus
726 709 757 763 ct
766 709 872 764 natura
887 710 916 762 et
927 703 1020 780 magis
1035 703 1136 770 etiam:
1150 709 1184 762 ut
1196 703 1269 763 mihi

147 790 272 870 quidem
289 789 401 850 sentire
413 787 526 858 videor,
540 786 657 847 ratione
671 792 760 863 atque
774 785 907 846 doctrina
920 784 957 847 ab
973 787 1054 846 inani
1067 783 1153 846 laude
1166 794 1195 848 et
1205 803 1268 847 ser-

151 873 291 936 monibus
303 872 399 949 vulgi,
430 889 485 951 ego
500 867 634 948 proiecto
648 872 672 930 is
687 887 761 931 sum.
804 870 898 931 'lestis
920 876 964 931 est
985 869 1154 931 consulatus
1174 889 1267 940 meus,

153 961 185 1020 in
204 976 280 1037 quo,
312 956 390 1018 sicut
409 956 440 1017 in
460 954 575 1035 reliqua
594 955 665 1020 rita,
695 953 791 1014 lateor
813 972 847 1015 ea
862 972 909 1016 me
927 953 1056 1016 studiose
1071 961 1214 1025 secutum,
1233 974 1270 1016 ex

154 1041 263 1123 quibus
277 1058 348 1102 vera
359 1040 452 1118 gloria
466 1041 547 1101 nasci
560 1045 670 1117 posset,
687 1040 781 1116 ipsam
799 1039 919 1117 quidem
937 1038 1062 1116 gloriam
1075 1055 1129 1117 per
1143 1056 1176 1100 se
1193 1057 1270 1100 nun·

154 1145 244 1206 quarn
265 1126 364 1204 putavi
386 1123 588 1202 expetendam.
619 1122 721 1201 ltaque
735 1130 764 1184 et
784 1123 965 1201 provinciam
986 1129 1120 1184 ornatam
1141 1130 1170 1184 et
1185 1141 1270 1204 spem

154 1228 215 1272 non
230 1208 352 1271 dubiam
365 1208 509 1286 triumphi
523 1206 653 1284 neglexi;
677 1207 874 1268 sacerdotium
887 1205 1023 1287 denique,
1037 1224 1104 1269 cum
1113 1242 1156 1253 —
1168 1225 1270 1287 quem·

156 1294 316 1357 admodum
330 1299 361 1354 te
369 1293 534 1354 existimare
544 1289 673 1352 arbitror
687 1325 723 1336 -
736 1309 797 1351 non
808 1290 978 1364 difficillime
989 1293 1130 1370 consequi
1141 1309 1270 1370 possem,

155 1395 218 1440 nou
229 1377 365 1457 appetivi.
388 1375 469 1437 ldem
480 1383 547 1454 post
562 1376 700 1436 iniuriam
714 1385 865 1454 acceptam
879 1409 914 1420 -
929 1394 1018 1454 quam
1031 1383 1063 1436 tu
1077 1377 1122 1437 rei
1136 1373 1272 1454 publicae

157 1462 352 1525 calamitatem
362 1477 479 1539 semper
490 1459 630 1540 appellas,
648 1478 745 1521 meam
757 1460 912 1521 nonmodo
924 1478 985 1520 non
998 1458 1201 1530 calamitatem,
1219 1460 1270 1522 sed

158 1547 246 1609 etiarn
258 1545 424 1625 gloriam——
439 1544 538 1606 studui
549 1563 636 1624 mam
648 1545 834 1605 ornatissima
845 1550 964 1606 senatus
975 1543 1136 1625 populique
1147 1544 1273 1606 Romani

159 1632 196 1693 de
207 1649 256 1692 me
269 1629 375 1690 iudicia
386 1630 580 1691 intercedere.
607 1629 709 1708 ltaque
721 1638 750 1690 et
768 1645 862 1706 augur
877 1637 980 1706 postea
1000 1629 1065 1690 fieri
1079 1627 1172 1698 volui,
1192 1628 1272 1707 quod

159 1722 244 1777 antea
254 1712 451 1792 neglexeram,
465 1720 494 1774 et
505 1732 573 1775 euna
584 1713 739 1782 honorem,
757 1715 807 1792 qui
818 1731 834 1774 a
844 1720 947 1774 senatu
957 1711 1047 1773 tribui
1058 1711 1149 1774 rebus
1159 1710 1272 1773 bellicis

158 1798 241 1869 solet,
257 1796 423 1874 neglectum
435 1816 451 1859 a
462 1817 510 1859 me
522 1796 602 1866 olim,
619 1798 784 1859 nuucmihi
795 1797 1079 1876 expetendum'puto.
1102 1795 1176 1857 Huic
1187 1814 1271 1858 meae
1292 1801 1333 1864 14

157 1883 308 1953 voluntati,
316 1884 347 1941 in
355 1882 646 1962 quainestaliquavis
657 1882 795 1944 desiderii
804 1882 841 1942 ad
852 1880 1128 1944 sanandumvulnus
1139 1880 1272 1952 iniuriae,

158 1976 192 2028 ut
201 1967 299 2029 faveas
314 1966 488 2046 adiutorque
504 1968 558 2035 sis,
580 1966 658 2045 quod
674 1965 774 2044 paullo
789 1974 858 2027 ante
872 1984 921 2028 me
936 1984 1076 2045 negaram
1091 1972 1272 2042 rogaturum,

159 2051 476 2128 vehementertcrogo,
492 2051 543 2112 sed
556 2052 605 2120 ita,
618 2053 708 2110 sinon
717 2052 852 2112 ieiunum
861 2049 1115 2129 bocnescioquid,
1131 2049 1274 2127 quodego

161 2137 246 2215 gessi,
258 2143 289 2196 et
299 2134 546 2197 contemnendum
556 2133 712 2203 ridebitur,
724 2135 777 2195 sed
787 2132 845 2195 tale
855 2141 943 2214 atque
953 2141 1076 2204 tantum,
1089 2139 1122 2194 ut
1129 2131 1213 2193 multi
1222 2151 1276 2194 ne·

162 2238 308 2300 quaquam
326 2217 447 2297 paribus
463 2217 554 2280 rebus
573 2219 703 2279 honores
726 2236 858 2280 summos
874 2236 891 2279 a
907 2225 1010 2280 senatu
1028 2219 1179 2280 consecuti
1205 2218 1273 2278 sint.

161 2301 1275 2383 liquidemetiamilludmihianimumadvertisserideor-scisenim,quam

163 2396 274 2450 attente
286 2394 317 2447 te
330 2385 433 2448 audire
443 2387 554 2455 soleam
565 2422 613 2457 -,
627 2395 656 2449 te
667 2405 728 2448 non
739 2394 859 2449 tamres
873 2396 970 2465 gestas
976 2406 1066 2466 quam
1077 2387 1275 2457 morosiusti·

162 2478 225 2532 tuta
243 2478 331 2550 atque
345 2471 434 2530 vitam
450 2474 663 2549 imperatorum
677 2480 812 2552 spectare
826 2470 922 2534 solere
936 2474 965 2533 in
986 2471 1132 2533 habendis
1148 2480 1198 2532 aut
1213 2487 1275 2530 nou

163 2553 489 2617 habendis'honorihus.
511 2555 628 2627 Quodsi
641 2557 743 2617 inmea
760 2574 847 2619 causa
858 2556 1069 2625 considerabis,
1085 2556 1216 2632 reperies
1227 2572 1276 2615 me

163 2641 295 2702 exercitu
310 2636 459 2699 imbecillo
470 2639 695 2702 contremetum
707 2642 829 2703 maximi
851 2639 921 2703 belli
939 2641 1139 2702 firmissimum
1161 2640 1274 2718 praesi-

165 2726 246 2788 dium
260 2722 399 2785 hahuisse
416 2727 592 2804 aequitatem
616 2732 646 2787 et
665 2727 885 2787 continentiam.
928 2726 982 2787 His
1005 2741 1060 2802 ego
1079 2722 1217 2785 subsidiis
1240 2740 1274 2785 ea

165 2828 231 2872 sum
246 2813 433 2877 consecutus,
449 2827 525 2888 quae
542 2808 630 2871 nullis
644 2808 810 2889 legionibus
824 2812 965 2889 consequi
980 2811 1159 2890 potuissem,
1183 2814 1218 2868 ut
1240 2825 1277 2868 ex

167 2893 350 2956 alienissimis
357 2892 443 2953 sociis
451 2894 649 2966 amicissimos,
664 2893 913 2956 exiulidelissimis
919 2895 1103 2955 firmissimos
1109 2891 1275 2961 redderem,

166 2980 339 3057 animosque
352 2994 496 3038 novarum
510 2995 612 3039 rerum
625 2980 841 3058 exspectatione
855 2996 1015 3057 suspensos
1030 2978 1067 3038 ad
1093 2976 1203 3038 veteris
1221 2976 1277 3036 im·

166 3112 304 3182 deutande
320 3110 389 3162 oder
406 3110 461 3161 dae
476 3110 596 3192 Biccbeo
611 3110 696 3166 Ebre.
745 3137 781 3151 -
792 3109 1065 3193 sacerdotiumlDas
1078 3106 1216 3191 Augurat.
1234 3107 1277 3160 Er

138 3176 697 3360 ptelaqhhtradititiis:
747 3176 1277 3300 ttltttltabiitttllthii

143 3308 332 3375 {mittebare
393 3311 555 3379 erbindung
592 3313 696 3366 zweier
747 3330 794 3365 um
810 3313 931 3369 bermibt.
948 3343 980 3352 -
997 3311 1087 3380 idem]
1108 3312 1138 3364 S.
1156 3327 1181 3363 z.
1198 3311 1222 3361 I.
1235 3312 1277 3363 18.

145 3381 152 3446 ζ
168 3375 299 3459 ῌοιιιὶιια1
308 3376 396 3457 durch
417 3377 481 3431 eine
498 3378 696 3449 Praeposition
748 3386 790 3433 30.
804 3408 839 3419 -
849 3378 1002 3448 iniurium]
1016 3381 1074 3431 Das
1086 3378 1163 3431 Exit.

148 3443 697 3586 tititt:tttltttl‘t‘tta't'ttt
747 3446 1170 3635 ...ibdsia‘ibib‘dbilai,
1187 3446 1279 3564 iat?

154 3579 221 3643 {das
233 3578 365 3631 Adiectio
376 3578 446 3633 oder
458 3580 563 3635 andere
574 3583 698 3635 Verbin·
747 3582 813 3649 Vgl.
825 3598 850 3634 z.
882 3621 888 3635 .
900 3586 942 3635 24.
955 3587 980 3635 3.
995 3610 1023 3619 —
1043 3582 1177 3635 instituta
1195 3586 1279 3645 atque

149 3645 298 3749 Jduugem
316 3646 387 3699 decb
404 3647 479 3699 kann
497 3648 543 3701 die
559 3649 696 3719 Praepos.
748 3650 851 3717 citam]
863 3650 922 3703 Der
934 3650 977 3703 Re
998 3650 1024 3703 el
1042 3650 1112 3702 necb
1130 3648 1214 3703 sollte
1233 3652 1279 3697 at-

146 3751 152 3773 ,
170 3719 254 3765 anter
265 3713 390 3767 Anderm
407 3714 505 3787 steben
517 3732 569 3769 zur
580 3716 697 3784 Angabe
748 3734 801 3785 que
809 3734 862 3770 vor
871 3718 933 3771 dem
943 3718 1050 3771 dritten
1061 3717 1164 3770 Gliede
1173 3714 1278 3779 lehlen,

135 3779 150 3868 [¹
170 3782 220 3835 des
238 3781 418 3862 Uespruugs‚
440 3782 496 3836 wie
516 3784 548 3836 iu
568 3785 647 3837 bomo
664 3787 699 3838 de
749 3784 836 3839 allein
864 3802 947 3839 wenn
975 3785 1022 3838 die
1044 3784 1148 3838 beiden
1171 3783 1278 3835 letzteu

167 3849 253 3917 plebe.
276 3848 698 3923 010.inVerr.1.os.-qcts-
748 3854 848 3906 Worte
871 3868 1032 3906 zusammen
1061 3853 1144 3904 einen
1167 3851 1208 3902 Be
1230 3847 1281 3901 riff

169 3914 495 3996 quamJS.z.1131'l.1.
509 3948 543 3957 -
596 3936 639 3973 oo.
651 3938 697 3972 or·
747 3920 858 3987 bilder,
880 3937 911 3973 so
931 3921 1027 3973 finden
1047 3919 1108 3972 sich
1133 3866 1278 3972 discebas

169 3981 284 4051 autom]
303 3982 368 4049 vol.
385 3986 456 4038 uber
468 3986 555 4040 diesel
578 3988 697 4041 eSache
748 3988 821 4041 anch
831 3988 919 4042 durch
932 3996 1016 4055 atque
1026 3987 1137 4040 oderoc
1152 3985 1278 4037 verbun-

171 4049 272 4104 (licero
285 4049 315 4103 in
327 4050 459 4105 Pisonem
470 4052 508 4106 Π.
520 4058 547 4107 5.
570 4072 619 4121 epo
630 4072 697 4124 pro·
749 4056 816 4109 den.
840 4056 1024 4110 Uebersetze:
1042 4053 1197 4108 Cherobios·
1209 4050 1279 4117 (mo-

171 4117 292 4170 oiociom
304 4118 427 4171 Galliam
443 4129 560 4174 amatae
575 4123 698 4175 auctori-
749 4122 806 4187 rea)
837 4124 898 4175 uod
930 4121 1216 4189 Ledensqruadaritse.
1245 4142 1278 4155 -

172 4190 231 4237 tote
238 4186 360 4239 sancitu
369 4188 699 4255 etpecuniaiaatructom
749 4191 872 4243 execestre
883 4188 961 4257 tou]
980 4190 1010 4243 S.
1023 4190 1078 4243 acl.
1090 4192 1131 4241 22.
1146 4190 1170 4239 1.
1184 4212 1216 4224 ·-
1228 4184 1279 4234 im-

173 4258 202 4304 et
216 4260 371 4308 creatam
387 4254 418 4308 in
434 4257 698 4327 enmonocepanti.
747 4257 837 4329 perii]
852 4258 948 4312 Genit.
962 4257 1065 4325 object.
