3000 4650
507 249 534 304 L.
552 248 716 305 tiburtius
731 249 885 305 PLANCUS.
1189 243 1251 308 199

133 412 217 472 malo
233 409 421 486 cognoscere.
459 411 556 471 Unum
573 411 630 471 boc
648 431 684 475 ex
706 413 795 474 meis:
818 419 936 472 senatus
956 414 1089 489 gravior,
1113 419 1249 474 coustan-

136 499 211 566 tior‚
227 497 348 556 amicior
364 496 422 554 tuis
435 493 571 555 laudibus
584 515 648 556 esse
660 513 719 555 nou
730 497 838 573 potuit,
856 513 943 574 quam
956 505 1019 556 tum
1029 497 1098 564 luit;
1114 514 1169 556 nec
1179 515 1250 557 vero

137 579 191 640 tibi
206 586 323 642 senatus
339 579 458 638 amicior
473 595 561 655 quarn
577 586 681 638 cuncta
702 579 810 640 civitas.
837 578 1010 639 MirabiIiter
1031 581 1110 640 enlm
1123 579 1250 657 populus
1315 628 1319 632 .

137 664 289 724 Romanus
305 662 459 723 universus
475 668 504 721 et
519 663 649 722 omnium
665 679 807 739 generum
823 663 1018 742 ordinumque
1038 681 1198 724 consensus
1212 664 1251 724 ad

135 746 321 808 liberandam
335 763 399 806 rem
423 744 570 824 publicam
592 746 778 823 couspIrarit.
809 747 903 823 Perge
918 748 1019 824 igitur,
1044 754 1077 808 ut
1098 748 1173 825 agis,
1188 764 1247 806 uo·
1269 757 1289 816 5
1353 789 1355 814 2

137 848 267 910 menque
286 837 370 890 tuum
389 829 563 889 commenda
583 828 810 898 immortalitati,
837 838 925 908 atque
946 829 1020 895 baec
1042 834 1153 899 omnia,
1175 849 1251 908 quae

137 913 250 976 habeut
265 915 393 993 speciem
413 912 538 990 gloriae,
560 911 682 973 collecta
697 914 872 974 inanissimis
893 913 1059 991 splendoris
1074 914 1251 991 insignibus,

136 1008 310 1065 contemne;
324 996 439 1064 brevia,
457 997 584 1074 lugaria,
602 997 713 1057 caduca
728 999 870 1058 existima.
900 997 1008 1058 Verum
1036 998 1126 1059 decus
1148 1001 1180 1058 in
1194 999 1252 1058 vlr-

131 1091 201 1143 tute
216 1083 343 1158 positum
360 1089 418 1148 est,
435 1097 511 1156 quae
524 1081 652 1140 maxime
666 1079 828 1141 illustratur
843 1083 958 1159 magnis
980 1083 1088 1142 iurem
1104 1081 1253 1160 publicam

140 1167 263 1227 meritis.
295 1164 368 1224 Eam
384 1161 551 1224 facultatem
568 1163 661 1224 habes
675 1166 847 1234 maxImam3
864 1184 951 1244 quam
967 1168 1107 1244 quoniam
1122 1165 1252 1243 comple·

136 1268 196 1309 xus
210 1259 309 1317 tenes,
332 1248 458 1324 perfice,
483 1256 514 1306 ut
533 1265 571 1307 ue
594 1248 691 1308 miuus
712 1266 761 1309 res
782 1248 899 1326 publica
914 1247 969 1308 tibi
983 1267 1071 1327 quam
1090 1258 1122 1310 tu
1137 1250 1180 1309 rei
1197 1267 1252 1326 pu·

137 1333 234 1393 blicae
251 1331 367 1392 debeas.
399 1329 445 1390 Me
465 1337 532 1391 tuae
554 1331 703 1407 dignitatis
723 1349 783 1391 nou
803 1332 891 1393 modo
912 1333 1073 1402 fautorem,
1095 1333 1253 1394 sedetiam

139 1415 382 1496 amplificatorem
397 1431 566 1492 cognosces.
596 1415 628 1474 ld
646 1433 711 1477 cum
726 1417 770 1477 rei
786 1415 936 1494 publmae,
953 1417 1116 1495 quaemihi
1131 1418 1188 1476 vita
1208 1424 1253 1476 est

140 1519 207 1562 mea
232 1501 343 1568 carior,
365 1507 427 1559 tum
451 1501 570 1560 nostrae
591 1499 807 1571 necessitudini,
823 1498 933 1560 debere
955 1518 1004 1560 me
1021 1501 1128 1560 iudico.
1158 1504 1253 1578 Atque

137 1587 172 1644 in
186 1585 233 1644 his
249 1585 341 1651 curis,
369 1600 441 1660 quas
457 1582 566 1643 contuli
584 1583 620 1643 ad
636 1583 807 1660 dignitatem
830 1591 928 1651 tuam,
955 1585 1021 1661 cepi
1043 1600 1179 1658 maguam
1201 1601 1254 1644 ro·

140 1667 299 1745 luptatem,
334 1667 410 1746 quod
440 1666 517 1728 bene
547 1668 693 1744 cognitam
715 1667 788 1726 mibi
809 1667 842 1726 T.
864 1666 985 1726 Munatii
1012 1667 1254 1744 prudentiamet

138 1751 230 1812 tidem
242 1752 335 1827 magis
350 1752 437 1812 etiam
452 1753 588 1829 perspexi
604 1753 634 1809 iu
651 1751 714 1811 olus
733 1750 900 1812 incredibili
915 1767 986 1828 erga
1001 1759 1030 1811 te
1052 1750 1254 1812 benevolentia

133 1845 170 1896 et
185 1835 345 1914 diligentia.
371 1849 421 1895 111.
438 1835 506 1895 ldus
521 1833 644 1912 Apriles

455 2069 459 2078 ,
533 1999 713 2062 Errsrouu
728 1997 860 2061 XVIII.

521 2121 668 2178 PLANCUS
683 2120 831 2177 munuum
846 2122 873 2179 S.

228 2251 306 2312 Nihil
321 2269 369 2311 me
382 2251 435 2310 tibi
450 2259 560 2312 temere
572 2211 624 2311 but
638 2259 667 2311 te
682 2253 790 2312 ceteris
805 2252 841 2312 de
857 2270 904 2312 me
915 2253 1024 2314 frustra
1036 2253 1183 2331 recepisse
1194 2251 1253 2312 lae·
1280 2256 1297 2314 1
1352 2268 1360 2313 t
1389 2289 1397 2303 κ

136 2345 200 2398 tor.
233 2337 318 2397 Certe
334 2335 391 2395 hoc
406 2338 500 2396 maius
514 2335 606 2397 habes
622 2338 820 2396 testimonium
843 2339 951 2398 amorIs
977 2340 1049 2408 mei,
1077 2355 1135 2414 quo
1159 2345 1254 2397 matu·

140 2424 206 2481 rius
231 2418 285 2479 tibi
310 2436 397 2497 quam
425 2421 531 2480 ceteris
547 2420 668 2480 consilia
685 2438 751 2480 mea
767 2420 843 2481 volui
859 2440 925 2494 esse
940 2429 1019 2482 uota.
1053 2421 1088 2481 ln
1106 2420 1168 2481 dies
1184 2437 1253 2480 vero

138 2505 316 2565 ‘meritorum
332 2522 465 2563 meorum
481 2504 547 2563 lieri
561 2506 744 2565 accessiones
758 2505 914 2581 pervidere
932 2512 962 2567 te
984 2523 1089 2585 spero,
1120 2506 1255 2581 cognitu-

136 2607 209 2649 rum
237 2587 330 2662 magis
354 2588 473 2665 reprio.
503 2585 587 2657 Quod
611 2588 648 2648 ad
664 2605 711 2648 me
727 2589 844 2657 attinet,
864 2591 903 2649 mi
919 2590 1021 2650 Cicero
1036 2622 1079 2633 -
1093 2590 1131 2648 ita
1147 2586 1183 2647 ab
1198 2589 1252 2647 im·
1273 2589 1293 2649 2

141 2671 322 2732 minantibus
336 2670 420 2731 malis
433 2688 483 2731 res
496 2671 613 2749 publica
627 2690 675 2733 me
686 2672 839 2733 adiurante
850 2673 1006 2734 liberetur!
1023 2706 1059 2717 -
1071 2674 1115 2731 sic
1125 2672 1254 2732 bonores

142 2757 332 2833 praemiaque
359 2762 454 2815 vestra
482 2756 624 2832 suscipio,
651 2756 829 2816 conserenda
846 2766 928 2817 certe
945 2774 1012 2817 cum
1027 2754 1254 2823 immortalitate,

144 2847 177 2899 ut
192 2841 255 2900 sine
269 2839 315 2898 his
331 2838 402 2899 nihil
420 2838 457 2898 de
474 2857 541 2899 meo
562 2839 658 2900 studio
678 2842 957 2919 perseverantiaque
983 2841 1038 2900 sim
1064 2841 1255 2899 remissurus.

144 2922 207 2983 Nisi
231 2923 260 2981 in
277 2921 474 2982 'multitudine
500 2923 678 3000 optimorum
705 2924 809 2982 civium
835 2926 963 3000 impetus
989 2925 1078 2983 animi
1093 2923 1152 2982 mei
1168 2922 1257 2981 luerit

144 3004 302 3084 singularis
318 3013 347 3066 et
361 3023 452 3084 opera
468 3007 641 3085 praecipua,
665 3006 739 3067 uihil
762 3006 798 3067 ad
819 3024 915 3067 meam
929 3007 1098 3083 dignitatem
1112 3006 1256 3067 accedere

134 3090 210 3151 'volo
231 3090 438 3167 suffragatione
458 3098 564 3151 vestra.
599 3089 781 3167 Concupisco
801 3099 898 3152 autem
923 3090 995 3151 ulbil
1010 3090 1082 3151 mihi
1095 3125 1137 3135 —
1152 3094 1254 3149 contra
1277 3102 1296 3163 3

139 3173 225 3252 quod
239 3174 302 3253 ipse
317 3191 415 3253 pugno
434 3207 488 3242 -,
507 3182 535 3234 et
550 3175 689 3253 temporis
707 3182 735 3235 et
750 3177 795 3235 rei
809 3184 837 3235 te
853 3174 1070 3236 moderatorem
1097 3173 1181 3235 lacile
1202 3191 1255 3251 pa·

146 3321 234 3378 Local
251 3338 286 3372 uu
303 3321 479 3373 bestimmen.
496 3349 528 3359 -
544 3340 675 3387 generum
760 3328 784 3375 2.
801 3324 843 3375 itu
857 3366 864 3378 .
877 3363 883 3376 .
896 3320 1045 3390 liberetur]
1060 3324 1091 3376 S.
1102 3339 1126 3373 z.
1140 3322 1161 3373 Ι.
1175 3324 1216 3374 23.
1231 3324 1256 3373 1.

146 3386 347 3455 ordinumque]
362 3388 477 3439 Classen
489 3392 549 3441 und
561 3391 676 3450 Stdude.
726 3408 758 3442 so
774 3392 852 3442 wabr
875 3390 933 3454 (inlr
950 3390 1089 3454 ωᾶηεοΙιε,
1108 3387 1188 3453 duas)
1212 3389 1258 3438 be-

181 3458 207 3507 ὅ.
230 3452 420 3534 haecomnia]
446 3456 675 3523 Danksagnngeu
726 3459 795 3523 freit
817 3460 925 3509 werden
948 3459 1033 3523 mdqc.
1056 3485 1090 3494 -
1113 3454 1253 3522 surripio]

145 3522 203 3574 und
217 3520 476 3575 Ehrenbeschltisse
488 3523 537 3574 des
547 3524 677 3577 Seuates.
727 3532 816 3577 etwas
830 3525 1043 3591 Angetrageues
1055 3523 1255 3586 fiberuehmeu,

146 3614 181 3629 -
192 3589 264 3641 Eum
274 3588 451 3656 fucultatem]
466 3590 496 3641 S.
508 3604 533 3644 z.
545 3591 573 3641 l.
583 3593 623 3641 18.
635 3593 676 3645 15.
727 3592 892 3643 aunedmen.
903 3619 935 3628 -
949 3594 1010 3643 aine
1021 3590 1080 3657 bis]
1101 3590 1173 3641 auch
1186 3589 1257 3640 olene

145 3654 241 3725 utne]
268 3658 299 3709 S.
315 3674 339 3712 z.
357 3658 379 3710 I.
397 3659 438 3708 18.
457 3659 499 3709 38.
511 3684 545 3695 -
557 3664 675 3711 utne..
727 3658 991 3711 urmatten—Nisi
1003 3660 1033 3709 irt
1045 3656 1106 3723 etc]
1120 3656 1257 3708 DerSiuu

146 3722 261 3790 debeor]
284 3724 433 3793 Syllepsis.
453 3725 482 3778 S.
496 3740 520 3777 z.
532 3725 584 3779 IIl.
597 3728 638 3778 15.
649 3728 676 3776 4.
727 3726 780 3778 ista
805 3726 896 3777 Weun
923 3725 966 3777 ich
992 3734 1076 3777 unter
1099 3742 1129 3776 so
1154 3722 1256 3775 Violeu

181 3794 278 3843 Errsr.
301 3792 404 3846 XVIII.
438 3793 509 3857 (tlt.
534 3790 589 3854 43.)
618 3792 676 3844 Der
728 3792 870 3845 nichtein
888 3810 959 3858 ganz
983 3792 1155 3844 besonderes
1174 3791 1256 3843 Stre·

147 3858 232 3911 Brief
242 3857 282 3909 ist
292 3858 375 3910 Eude
387 3859 469 3925 April
482 3858 680 3924 geschrieben.
726 3861 782 3912 ben
795 3859 893 3926 zelgen
906 3860 962 3911 und
972 3876 1043 3926 ganz
1053 3857 1255 3925 Vorztigliches

183 3931 206 3980 1.
225 3924 375 3993 recepisse]
390 3926 419 3977 S.
431 3942 456 3976 z.
471 3926 538 3978 1111.
551 3930 592 3977 15.
607 3931 630 3977 1.
644 3954 676 3963 -
727 3927 830 3979 leisten
841 3927 950 3991 werde,
965 3945 996 3979 so
1010 3942 1038 3979 u.
1050 3944 1073 3978 s.
1086 3942 1122 3977 tr.

144 3991 214 4058 boc]
233 4009 280 4045 um
297 3998 381 4044 sul-
392 4008 469 4058 pero.
481 4000 507 4044 te
519 3990 614 4059 spero]
632 3992 676 4047 t'clr

145 4062 234 4125 buffo,
266 4060 333 4110 duee
354 4057 403 4111 Du
420 4075 448 4110 oe
466 4060 558 4125 jetzt
580 4060 674 4121 elebat,
761 4066 787 4113 3.
807 4067 906 4111 contra
922 4060 1011 4127 quod]
1031 4060 1057 4111 d.
1074 4059 1093 4110 i.
1107 4074 1197 4125 gegeu
1209 4058 1256 4111 die

147 4127 236 4191 (und)
253 4127 298 4177 iob
316 4126 490 4193 rerepracbe,
506 4128 572 4179 duae
584 4126 631 4179 Du
645 4128 675 4178 iu
727 4128 818 4179 Sucht
841 4128 911 4179 uach
934 4126 1019 4178 Ehre.
1033 4137 1065 4163 -'
1078 4132 1104 4177 et
1126 4128 1256 4192 temporie

147 4192 430 4259 Zulcuuftu.a.tu.
676 4236 681 4240 .
727 4194 797 4261 etc]
822 4194 868 4245 Du
886 4204 977 4261 magst
989 4193 1126 4245 Zeit'und
1139 4194 1192 4245 Art
1204 4192 1256 4243 der
