3000 4650
107 321 164 374 μ
255 295 315 361 166
429 371 431 374 v
634 301 693 356 mn
709 300 750 355 111.
767 299 869 356 erist.
885 303 925 356 ar.
943 302 983 353 32.

251 467 308 529 nisi
322 483 455 535 vererer,
473 484 511 528 ne
528 484 561 527 ea
580 481 775 543 cognosceres
791 463 910 534 absens,
928 481 1002 543 quae
1019 463 1087 542 quia
1102 480 1163 524 non
1178 461 1273 532 vides,
1290 462 1363 525 mihi

214 557 233 618 3
255 551 363 612 videris
377 550 500 613 mellore
517 567 581 612 esse
596 549 768 610 condicione
783 566 872 627 quarn
887 566 958 618 nos,
981 550 1031 626 qui
1046 546 1186 609 ddemus.
1214 546 1363 609 Hactenus

250 638 382 697 existimo
394 643 525 698 nostram
540 632 772 696 consolationem
782 639 863 694 recte
878 632 1036 694 adhibitam
1053 649 1126 701 esse,
1142 632 1240 711 quoad
1255 632 1365 693 certior

250 720 287 782 ab
309 721 430 781 homine
451 720 626 782 amicissimo
647 718 735 779 fieres
756 719 792 779 iis
814 717 850 777 de
870 703 976 787 r'ebus,
1005 716 1111 796 quihus
1130 714 1221 777 levari
1242 722 1365 795 possent

249 804 401 867 molestiae
416 811 494 866 tuae.
530 802 654 883 Reliqua
668 810 735 863 sunt
749 803 780 863 in
794 810 824 862 te
843 803 908 880 ipso
922 820 1019 881 neque
1033 801 1105 861 mihi
1118 801 1218 879 ignota
1232 818 1289 861 nec
1310 801 1364 861 mi·

250 890 328 950 nima
343 888 460 959 solatia,
477 896 511 949 ut
525 888 645 967 quidem
660 903 714 964 ego
730 887 834 958 sentio,
850 884 943 947 multo
957 887 1097 947 maxima:
1114 902 1189 965 quae
1204 902 1260 962 ego
1276 901 1364 963 expe·

250 976 332 1034 riens
347 974 477 1051 quotidie
494 974 536 1034 sio
553 971 664 1052 probo,
681 977 713 1031 ut
730 989 766 1032 ea
779 970 852 1031 mihi
866 969 988 1031 salutem
1004 969 1113 1031 allerre
1126 968 1291 1031 videantur.
1321 970 1364 1030 'le

171 1127 175 1140 q
250 1066 349 1120 autem
366 1057 402 1118 ab
417 1059 498 1119 initio
514 1057 615 1118 aetatis
629 1056 772 1118 memoria
786 1061 874 1117 teneo
889 1073 1004 1116 summe
1018 1056 1150 1116 omnium
1164 1053 1365 1115 doctrinarum

248 1142 412 1204 studiosum
427 1142 517 1203 fuisse
533 1143 700 1220 omniaque,
716 1159 792 1219 quae
807 1159 824 1201 a
838 1139 1057 1218 sapientissimis
1071 1138 1108 1199 ad
1119 1138 1195 1199 hene
1210 1137 1366 1200 vivendum

249 1226 354 1287 tradita
370 1233 481 1296 esseut,
503 1243 619 1287 summo
636 1225 731 1286 studio
748 1223 1043 1303 curaquedidicisse.
1081 1222 1162 1294 Quae
1183 1222 1303 1301 quidem
1320 1221 1365 1282 rel

251 1311 368 1389 optimis
389 1309 479 1372 rebus
496 1317 525 1371 et
540 1311 607 1370 usui
622 1316 651 1370 et
664 1308 850 1370 delectationi
867 1326 932 1369 esse
945 1313 1080 1386 possent;
1102 1306 1147 1368 his
1166 1324 1237 1367 vero
1252 1314 1366 1385 tempo·

250 1394 333 1456 ribus
347 1394 491 1456 habemus
506 1394 584 1476 aliud
604 1392 691 1462 nihil,
713 1394 744 1453 iu
767 1411 826 1472 quo
842 1393 1071 1472 acquiescamus.
1108 1390 1187 1452 Nihil
1200 1392 1306 1452 faciam
1322 1392 1367 1451 in·

251 1478 395 1547 solenter;
418 1497 515 1558 neque
531 1485 562 1540 te
581 1477 633 1540 tali
648 1478 693 1539 vel
716 1479 837 1538 scientia
852 1477 897 1537 vel
910 1484 1015 1537 natura
1031 1475 1197 1556 praeditum
1212 1475 1364 1543 hortabor,

250 1571 283 1626 ut
298 1564 335 1624 ad
351 1582 400 1625 eas
418 1570 446 1624 te
460 1566 573 1628 reseras
594 1570 687 1633 artes,
715 1562 822 1640 quihus
837 1579 854 1621 a
868 1563 974 1641 primIs
988 1560 1173 1639 temporibus
1188 1562 1291 1621 aetatis
1305 1570 1366 1619 stu·

206 1654 228 1714 4
248 1648 328 1709 dium
343 1654 427 1709 tuum
442 1648 559 1710 dedisti.
595 1648 723 1707 'lautum
738 1646 851 1715 dicam,
873 1645 952 1724 quod
968 1653 998 1707 te
1017 1663 1106 1725 spero
1122 1644 1365 1723 approbaturum,

249 1751 311 1799 me,
334 1731 527 1811 posteaquam
544 1730 586 1792 illi
607 1732 678 1799 arti,
702 1731 750 1791 eui
765 1731 953 1803 studueram,
974 1729 1047 1790 nihil
1068 1748 1133 1791 esse
1152 1728 1210 1789 loci
1225 1746 1322 1807 neque
1335 1728 1367 1788 in

250 1817 331 1878 curia
352 1834 450 1894 neque
471 1819 502 1877 in
518 1815 583 1876 loro
602 1815 736 1885 viderim,
759 1832 877 1875 omnem
902 1833 1000 1876 meam
1019 1832 1121 1876 curam
1140 1820 1228 1893 atque
1246 1830 1366 1891 operam

250 1901 287 1961 ad
301 1900 518 1979 philosophiam
538 1898 706 1961 contulisse.
745 1898 826 1960 Tuae
841 1899 979 1959 scientiae
1000 1897 1153 1960 excellenti
1175 1916 1209 1958 ac
1225 1895 1365 1975 singulari

249 2003 310 2046 non
325 1983 417 2045 multo
433 1983 499 2064 plus
514 2002 602 2064 quam
615 1990 734 2045 nostrae
744 1983 880 2045 relictum
894 1990 938 2045 est
951 1981 1017 2043 loci
1045 1982 1143 2051 Quare
1158 2000 1218 2042 non
1230 1981 1366 2059 equidem

249 2078 416 2139 temonem
431 2069 485 2132 sed
501 2069 573 2130 mihi
589 2070 628 2129 ita
640 2069 788 2147 persuasi,
805 2076 835 2129 te
850 2085 968 2148 quoque
982 2068 1013 2126 in
1025 2067 1129 2128 iisdem
1140 2068 1250 2127 versari
1263 2064 1365 2133 rebus,

251 2172 341 2232 quae,
367 2154 482 2216 etiamsi
494 2154 592 2214 miuus
607 2152 797 2231 prodessent,
813 2155 945 2214 animum
960 2159 1058 2212 tamen
1074 2169 1091 2211 a
1105 2150 1297 2212 solllcitudIne
1313 2148 1366 2209 ab·

250 2237 403 2298 ducerent.
425 2238 544 2298 Servius
559 2238 678 2316 quidem
692 2245 761 2299 tuus
779 2238 809 2298 in
824 2237 961 2298 omnibus
976 2236 1113 2315 ingenuis
1131 2235 1244 2297 artibus
1259 2236 1289 2295 in
1304 2234 1367 2313 pri-

249 2323 364 2401 misque
377 2323 408 2382 in
421 2320 493 2392 hac,
511 2325 541 2384 in
556 2341 613 2403 qua
628 2339 683 2399 ego
704 2341 753 2384 me
767 2325 871 2402 scripsi
885 2323 1090 2401 acquiescere,
1112 2319 1150 2381 ita
1165 2328 1310 2388 versatur,
1333 2326 1378 2383 ut¹
1477 2324 1488 2386 l

250 2404 390 2475 excellat3
413 2425 492 2468 ame
507 2426 577 2468 vero
593 2408 635 2469 sic
654 2402 799 2485 diligitur,
821 2414 854 2468 ut
871 2406 926 2467 tibi
939 2407 994 2467 uni
1014 2405 1191 2475 concedam,
1213 2413 1385 2484 praeterea¹
1485 2411 1488 2486 ξ

249 2493 375 2559 nemini;
403 2491 533 2571 mihique
553 2491 640 2553 abeo
657 2493 752 2569 gratia
772 2491 914 2559 refertum
929 2491 960 2551 in
974 2508 1033 2569 quo
1049 2489 1097 2551 ille
1112 2490 1270 2560 existimat,
1287 2486 1368 2569 quod

249 2575 335 2637 facile
353 2585 509 2655 appareat,
540 2594 608 2638 oum
630 2593 678 2638 me
700 2574 777 2636 colat
799 2584 829 2637 et
848 2575 999 2645 observet,
1026 2574 1080 2636 tihi
1096 2592 1213 2655 quoque
1235 2575 1318 2634 ineo
1333 2591 1366 2634 se

249 2659 349 2722 lacere
366 2661 574 2738 gratissimum.

638 2825 818 2891 Enrsrona
831 2824 983 2889 XXXII.

553 2967 585 3023 ll.
602 2965 718 3024 CICERO
734 2967 762 3024 S.
777 2967 805 3022 l).
821 2965 891 3023 SER.
907 2965 1061 3023 summo.

208 3087 225 3146 1
332 3081 453 3158 Accipio
471 3082 689 3141 excusationem
709 3086 806 3149 tuam,
831 3096 887 3156 qua
901 3098 973 3141 usus
989 3097 1035 3151 es,
1059 3098 1112 3141 cur
1131 3080 1247 3157 saepius
1262 3078 1300 3138 ad
1319 3097 1369 3139 me

249 3163 361 3224 litteras
379 3182 439 3224 uno
463 3162 598 3243 exemplo
613 3164 761 3232 dedisses;
788 3163 841 3225 sed
861 3165 972 3242 accipio
992 3183 1028 3224 ex
1050 3182 1083 3226 ea
1102 3169 1201 3242 parte,
1221 3169 1369 3243 quatenus

166 3326 169 3333 Δ
250 3255 300 3310 aut
314 3247 491 3326 negligentia
507 3257 557 3310 aut
575 3248 761 3328 improbitate
776 3265 897 3319 eorum,
912 3250 963 3326 qui
981 3245 1117 3327 epistolas
1132 3247 1287 3327 accipiant,
1302 3247 1370 3307 lieri

250 3331 373 3402 scribis,
396 3350 434 3394 ne
449 3334 486 3395 ad
501 3351 556 3395 nos
572 3332 778 3412 perferantur:
800 3332 880 3395 illam
899 3339 1015 3411 partein
1032 3333 1242 3402 excusationis,
1264 3349 1322 3409 qua
1338 3338 1368 3392 te

250 3415 356 3478 scribis
378 3419 518 3480 orationis
534 3424 765 3499 paupertate-
781 3419 823 3478 sic
844 3419 924 3478 enim
945 3415 1075 3496 appellas
1091 3416 1254 3491 -iisdem
1270 3414 1368 3476 verbis

284 3605 309 3654 3.
326 3600 445 3670 Reliqua
460 3639 467 3653 .
480 3639 486 3652 .
499 3600 617 3667 solatio]
636 3600 691 3654 Dte
706 3601 785 3654 aidri-
834 3609 927 3654 satzes
939 3617 1038 3668 weges
1056 3600 1127 3654 nach
1139 3601 1170 3652 in
1182 3616 1236 3666 quo
1248 3599 1368 3651 wieder·

250 3684 303 3735 pert
314 3667 498 3734 Troetmitteh
516 3669 543 3721 d.
556 3669 575 3720 i.
588 3669 635 3722 die
647 3669 782 3723 Besehiif-
835 3668 905 3721 holt.

250 3736 353 3803 tigung
382 3737 431 3789 mit
454 3737 510 3789 den
526 3736 782 3789 wissenschaften.
867 3739 965 3790 Errse.
989 3737 1104 3787 XXXII.
1127 3734 1201 3801 (708.
1225 3735 1282 3793 46.)
1309 3733 1369 3785 Der

250 3801 505 3872 -doetrinarum]
529 3803 639 3869 Zroer'pe
660 3805 710 3855 der
730 3804 783 3855 Ge·
833 3803 918 3856 Brief
931 3803 1049 3856 hendelt
1075 3801 1289 3870 grdssteutheils
1312 3817 1386 3853 rou¹

250 3870 436 3922 lebrsamlseit.
444 3899 478 3909 —-
487 3871 597 3938 optimis
606 3870 703 3938 redes]
720 3871 800 3924 ‘un-.
834 3872 886 3924 der
903 3870 1108 3938 Beguadiguug
1125 3870 1175 3922 des
1193 3869 1232 3921 M.
1246 3868 1375 3925 Marcei,

250 3945 294 3990 ter
305 3940 359 3990 den
374 3937 574 4005 piiielsls'elrsten
588 3938 781 3991 Umatdnden’.
833 3938 888 3993 lus.
924 3939 953 3991 S.
978 3938 1101 3991 darriber
1122 3935 1367 3990 MARCELLUS.

284 4008 310 4056 4.
337 4004 477 4073 Tantum]
503 4006 534 4058 S.
551 4023 576 4057 z.
594 4006 631 4058 II.
650 4011 691 4059 31.
709 4010 734 4059 2.
752 4035 785 4045 -
871 4010 895 4056 1.
907 4022 965 4058 eno
975 4002 1109 4073 exemplo]
1121 4005 1150 4058 S.
1162 4021 1187 4057 z.
1198 4004 1250 4056 111.
1262 4007 1287 4056 5.
1299 4007 1371 4056 l.—-
1462 4010 1470 4039 1⁴

252 4071 296 4121 illi
319 4070 392 4138 arti]
424 4073 474 4126 der
503 4073 727 4127 Beredsamkeit.
751 4100 786 4112 ·-
837 4070 1372 4141 accipinquatenus]‘ieblassesienur

255 4136 495 4206 Tneesoientiao]
515 4140 578 4192 scil.
595 4140 667 4194 iuris
681 4140 787 4193 civilis.
836 4141 1073 4206 inaufernpelten,
1087 4139 1149 4191 ols’.
1167 4167 1199 4176 -
1216 4137 1369 4205 accipiant]
1466 4166 1487 4203 g

253 4231 286 4242 -
309 4205 425 4257 Servius
447 4206 531 4274 tuus]
562 4207 612 4260 der
635 4208 712 4260 Sohn
737 4208 787 4260 des
839 4207 1369 4271 umsieanihreAdressezubesorgen.
1463 4212 1466 4217 ²

252 4269 409 4324 Freundes.
420 4273 486 4325 -s'n
498 4273 544 4339 eo]
560 4275 609 4327 des
625 4274 788 4328 Zwisehen·
839 4273 892 4326 Die
909 4274 1006 4328 Briefe
1024 4275 1141 4327 worden
1160 4272 1255 4340 hiiufig
1272 4281 1368 4324 unter-
