3000 4650
261 266 323 330 110
674 272 735 328 LlB.
749 273 781 328 ll.
797 272 900 329 EPIST.
915 275 957 328 29.

260 437 395 506 suadeas,
411 438 437 498 si
451 436 488 498 de
502 437 550 498 his
565 436 657 498 rebus
672 438 709 497 ad
724 443 859 498 senatum
873 436 1000 498 relatum
1016 437 1061 507 sit,
1081 455 1129 500 me
1142 438 1375 500 existimaturum

260 539 405 582 summam
415 522 489 582 mihi
504 520 622 583 laudem
633 520 785 592 tributam,
802 523 828 582 si
842 528 874 582 tu
885 520 1031 583 honorem
1041 539 1142 583 meum
1158 523 1303 584 sententia
1326 530 1375 584 tua

260 605 473 684 comprobaris.
486 646 489 651 ,
503 605 606 685 quue,
623 606 677 666 etsi
690 604 800 667 talibus
811 605 849 666 de
868 604 960 666 rebus
980 607 1167 684 gravissimos
1191 606 1326 670 homines
1347 614 1376 668 et

258 708 366 769 rogare
381 689 478 751 solere
500 696 529 751 et
543 692 645 768 rogari
659 687 734 761 scio,
752 697 851 751 tamam
876 690 1096 752 admonendum
1118 691 1217 770 potius
1238 699 1266 753 to
1288 709 1305 751 a
1326 711 1374 753 me

259 774 607 855 quamiogandumputo.
630 773 843 844 Tueseuimis,
857 775 962 852 quime
973 776 1031 836 tuis
1042 776 1193 838 sententiis
1203 776 1375 855 saepissime

258 859 382 928 ornasti;
413 860 464 938 qui
483 861 633 928 oratione,
650 861 701 938 qni
715 858 942 936 praedicatione,
967 861 1024 937 'qui
1044 861 1168 921 summis
1181 858 1319 922 laudibus
1330 863 1374 942 ‘in

259 950 377 1012 senatu,
397 943 428 1004 in
442 942 628 1004 contionibus
642 942 679 1002 ad
695 941 809 1003 coelum
826 942 963 1014 extulisti,
988 945 1072 1005 ouius
1088 961 1143 1022 ego
1158 961 1277 1024 semper
1295 951 1375 1006 tanta

259 1046 325 1091 esse
344 1027 504 1088 uerborum
526 1027 659 1106 pondera
677 1028 787 1105 putavi,
816 1035 848 1088 ut
867 1045 927 1088 uno
946 1027 1104 1090 verbotuo
1125 1045 1193 1090 cum
1207 1046 1274 1091 mea
1287 1027 1374 1091 laude
1432 1045 1437 1055 “

259 1114 416 1173 coniuncto
433 1111 531 1172 omnia
545 1111 662 1190 assequi
678 1128 726 1172 me
743 1110 914 1173 arbitrarer.
952 1112 994 1175 Te
1008 1113 1135 1191 denique
1144 1113 1278 1186 memini,
1307 1132 1375 1175 cum

259 1196 375 1257 cuidam
389 1195 551 1256 clarissimo
565 1195 773 1275 atqueoptim0
784 1196 847 1256 viro
859 1195 1101 1276 supplicationem
1114 1215 1175 1258 non
1189 1198 1374 1269 decerneres,

259 1279 358 1341 dicere
371 1286 401 1340 te
416 1279 622 1349 decreturum,
653 1281 679 1339 si
692 1280 857 1341 referretur
883 1279 922 1340 oh
944 1299 993 1342 eas
1007 1300 1071 1350 res,
1094 1299 1167 1361 quas
1181 1284 1206 1343 is
1223 1281 1326 1343 consul
1342 1285 1374 1342 iu

256 1362 333 1425 urhe
344 1364 497 1442 gessisset.
528 1363 573 1424 l'u
584 1364 662 1426 idem
673 1364 746 1424 mihi
757 1363 999 1443 supplicationem
1012 1366 1167 1428 decrevisti
1177 1373 1286 1444 togato,
1303 1384 1372 1438 nou,

257 1456 292 1509 ut
304 1448 413 1520 multis,
431 1466 466 1510 re
479 1446 597 1527 puhlica
610 1447 689 1509 bene
702 1453 793 1526 gesta,
802 1449 873 1518 sed,
892 1456 926 1509 ut
943 1452 1063 1521 nemini,
1078 1469 1112 1512 re
1123 1450 1241 1529 publiea
1252 1469 1373 1512 conscr-

198 1537 238 1600 12
260 1539 335 1593 rata.
378 1533 476 1603 Mitto,
500 1532 581 1611 quod
600 1532 755 1602 iuvidiam,
786 1532 866 1611 quod
889 1533 1033 1612 pericula,
1064 1535 1143 1614 quod
1169 1553 1272 1597 omues
1293 1553 1373 1596 meas

259 1622 449 1696 tempestates
465 1624 495 1678 et
509 1616 635 1679 subieris
651 1623 681 1678 et
699 1616 794 1678 multo
814 1619 1017 1697 etiammagis,
1047 1620 1072 1679 si
1093 1636 1148 1697 per
1166 1637 1216 1682 me
1233 1620 1372 1689 licuisset,

258 1701 359 1762 ssrhire
377 1702 581 1780 paratissimus
615 1702 716 1772 fueris,
739 1701 816 1779 quod
839 1701 966 1780 denique
990 1704 1141 1764 inimicum
1167 1722 1267 1766 meum
1289 1713 1373 1764 tuum

258 1786 409 1847 inimicum
438 1787 565 1864 putarim
595 1787 678 1846 cuius
706 1787 794 1846 etiam
814 1787 980 1857 interitum,
1006 1795 1037 1848 ut
1058 1787 1144 1849 facile
1167 1786 1371 1866 intelligerem,

257 1870 330 1930 mihi
344 1876 484 1949 qnantum
499 1869 655 1940 tribueres,
671 1868 787 1931 Milonis
801 1887 889 1931 causa
903 1872 934 1932 in
948 1879 1052 1934 senatu
1067 1871 1251 1934 defendenda
1266 1888 1373 1950 appro-

258 1952 348 2014 baris.
378 1955 467 2014 Ame
482 1959 581 2014 autem
596 1953 671 2015 haec
687 1962 756 2015 suut
768 1956 910 2034 prolecta,
932 1975 1008 2036 quae
1023 1973 1078 2033 ego
1098 1958 1129 2017 in
1151 1957 1288 2018 beneficii
1307 1955 1373 2016 loco

257 2055 318 2098 nou
336 2055 416 2117 pono
445 2038 497 2099 sed
513 2038 617 2099 inseri
629 2041 791 2101 testimonii
806 2046 893 2118 atque
906 2043 1020 2110 iudicii,
1050 2049 1082 2102 ut
1108 2041 1373 2118 praestantissimas

258 2129 324 2183 tuas
339 2123 462 2185 virtutes
475 2139 537 2184 non
549 2124 656 2184 tacitus
670 2124 842 2194 admirarer,
857 2159 892 2169 —-
907 2127 973 2205 quis
987 2125 1065 2186 enim
1079 2127 1110 2185 in
1127 2132 1156 2186 te
1168 2125 1198 2185 id
1212 2142 1273 2184 non
1286 2125 1372 2185 facit?

257 2207 367 2267 —sed
381 2208 412 2267 in
427 2206 565 2268 omnibus
583 2207 776 2279 orationihus,
792 2210 943 2270 sententiis
958 2210 1100 2279 dicendis,
1130 2210 1226 2271 causis
1240 2209 1369 2286 agendis,

259 2289 397 2353 omnihus
411 2293 538 2371 scriptis,
556 2293 677 2355 Graecis
687 2292 806 2364 Latinis,
826 2296 906 2356 omni
917 2295 1043 2375 denique
1058 2295 1197 2357 varietate
1206 2292 1371 2355 htterarum

258 2393 402 2447 mearum,
420 2383 450 2437 te
464 2394 525 2437 non
539 2378 628 2438 modo
644 2378 697 2449 iis,
732 2395 807 2456 quos
819 2379 1008 2450 vidissemus,
1037 2378 1090 2440 sed
1120 2380 1170 2450 iis,
1202 2378 1239 2441 de
1265 2377 1371 2459 quihus

199 2464 240 2527 13
262 2457 454 2531 audissemus,
469 2461 606 2522 omnibus
620 2462 808 2526 anteferrem.
853 2463 983 2535 Quaeres
997 2464 1131 2532 fortasse,
1147 2464 1217 2543 quid
1230 2464 1276 2533 sit,
1293 2461 1371 2543 quod

294 2630 336 2679 11.
365 2628 496 2679 honorem
518 2628 623 2695 meum]
648 2628 675 2681 d.
699 2629 718 2682 i.
743 2629 789 2681 die
841 2628 1371 2701 rufungousderVerbsnnungdurch-
1415 2686 1421 2690 ,

259 2694 538 2762 Ehreubezeuguug‚
563 2695 610 2747 die
627 2695 673 2747 ich
689 2713 724 2748 zu
742 2714 788 2749 er·
841 2705 951 2765 gesetzt
963 2698 1088 2750 worden.
1099 2726 1134 2735 -
1145 2704 1240 2763 topoto
1246 2698 1257 2763 l
1271 2713 1371 2763 wegen

258 2761 355 2813 halten
372 2761 517 2828 winoche,
542 2762 588 2814 die
605 2764 789 2833 supplicatio.
840 2763 1372 2833 derUnterdrriokuugdeerrschwd·

257 2836 331 2881 -te
343 2847 361 2880 a
373 2828 430 2911 me]
443 2830 537 2882 Wenn
546 2830 632 2882 sehon
643 2832 733 2883 durch
742 2831 788 2883 die
839 2848 914 2900 rung
927 2832 1079 2887 Catilinas.

259 2895 788 2967 Stelluugd1ePronomiuahervorge·
1343 2910 1348 2922 '

258 2964 350 3017 hoben
360 2965 485 3029 werden,
497 2980 528 3016 so
540 2966 611 3016 noch
617 2967 694 3018 mehr
700 2966 788 3018 durch
874 2970 914 3028 12,
932 2966 1019 3019 Mitto
1032 2968 1105 3033 quod
1117 3006 1124 3020 .
1139 3003 1145 3016 .
1158 2964 1167 3033 ]
1183 2964 1310 3033 Beispiel
1322 2962 1371 3016 fair
1388 2961 1397 3043 f

259 3031 305 3083 die
311 3030 474 3082 Gleichheit
482 3032 533 3082 der
542 3032 636 3083 Form.
650 3033 788 3099 Zugleich
839 3034 885 3087 die
897 3033 1076 3102 praeteritio.
1100 3032 1239 3099 Hiufiger
1251 3031 1328 3084 steht
1338 3030 1370 3081 in
1389 3044 1393 3083 t

259 3098 326 3150 tritt
345 3097 374 3147 in
398 3098 461 3148 dem
477 3096 787 3164 Propositionsl-Aus-
838 3097 1371 3154 diesemFallemittomiteinemlnliui—

259 3163 350 3215 druck
365 3163 397 3227 (a
409 3164 464 3228 rue)
481 3162 527 3215 die
543 3160 703 3217 houdelnde
715 3166 787 3218 Per·
837 3166 891 3234 tir,
904 3168 959 3219 wie
971 3167 1068 3231 dicere,
1080 3166 1149 3219 oder
1158 3164 1209 3219 mit
1217 3165 1370 3219 einemAc-

259 3247 311 3283 sou
323 3230 399 3282 mehr
411 3230 529 3296 hervor,
547 3230 589 3283 als
606 3232 636 3284 in
654 3232 716 3285 deru
728 3233 786 3285 Do·
840 3234 963 3287 casatis.
974 3261 1006 3271 -
1019 3233 1155 3302 socieris]
1169 3234 1227 3287 Der
1242 3233 1369 3300 Conjun·

258 3298 302 3351 tiv
319 3297 413 3365 (mihi)
436 3297 487 3350 der
511 3307 591 3350 sonst
613 3300 789 3367 gewdhnlich
840 3301 899 3354 otis
912 3301 1126 3369 ungew'o‘hnlioh
1139 3307 1211 3357 stati
1227 3301 1276 3354 des
1289 3299 1369 3353 Indi-

258 3366 333 3418 beim
342 3366 518 3418 Gerundium
529 3366 589 3419 sich
597 3366 734 3420 findet-
743 3368 788 3421 Tu
841 3368 941 3422 ostivs.
954 3398 986 3407 -
999 3370 1024 3420 si
1036 3386 1086 3437 per
1097 3386 1138 3421 ane
1150 3366 1289 3435 licuisset]
1301 3368 1330 3423 d.
1342 3367 1369 3419 h.

258 3451 287 3485 es
299 3432 382 3500 enim]
397 3434 455 3485 Der
465 3435 626 3501 Gegeusatz
640 3435 788 3504 iolgtffl.
840 3452 923 3489 wenn
940 3435 985 3488 ioh
1003 3437 1065 3489 dein
1078 3436 1195 3489 Clodius
1214 3441 1369 3504 entgegeu-

257 3502 337 3553 Ante
351 3503 593 3554 sotem—cuius
605 3520 653 3569 eqo
665 3502 785 3571 semper]
840 3510 970 3573 getreteu
992 3506 1069 3557 wire
1097 3511 1170 3558 statt
1195 3520 1230 3556 zu
1256 3502 1369 3555 fliehen.

258 3569 317 3622 Der
329 3568 401 3620 Sinn
412 3568 465 3621 ist:
479 3569 537 3623 und
549 3569 600 3621 dus
612 3570 789 3638 hsstDuge-
838 3600 872 3610 ·-
892 3573 973 3639 euius
990 3573 1135 3625 interitum
1176 3571 1226 3623 Als
1251 3570 1369 3623 Clodius

257 3636 336 3702 than,
348 3635 451 3689 dessen
507 3662 538 3673 -
550 3654 612 3689 cum
622 3655 659 3689 m.
671 3639 689 3689 l.
702 3638 785 3705 coni]
838 3639 876 3691 im
900 3640 926 3693 J.
945 3643 977 3693 52
1001 3639 1089 3692 durch
1106 3638 1177 3691 mdo
1201 3638 1368 3705 ersohlagen

209 3713 215 3725 ¹
257 3721 296 3756 zo
318 3704 433 3755 munem
455 3703 529 3755 Lude
550 3706 727 3772 pesproelren.
754 3731 789 3745 -·
839 3707 970 3773 worden,
987 3714 1048 3760 trst
1063 3706 1137 3759 Cato.
1153 3705 1200 3757 fair
1217 3706 1271 3758 den
1283 3706 1368 3757 Leo-

259 3770 482 3838 cuidam..oiro]
494 3771 521 3824 d.
532 3770 554 3823 i.
566 3772 628 3824 dem
640 3772 787 3825 P.Corne-
838 3780 919 3827 teron
936 3775 974 3827 int
991 3776 1095 3827 Senate
1114 3774 1175 3826 aui.
1189 3774 1272 3839 -in
1289 3772 1366 3824 .loco

257 3837 315 3889 lius
332 3838 470 3892 Lentulus
488 3838 638 3921 Spinther,
663 3840 704 3892 ols
726 3840 787 3893 die·
838 3858 896 3893 non
912 3841 1001 3909 pono]
1024 3841 1069 3892 ich
1086 3840 1149 3893 selae
1164 3841 1242 3893 nieht
1258 3854 1296 3891 un
1313 3838 1365 3889 uls.

259 3922 306 3957 ser
317 3905 365 3957 fier
377 3906 455 3957 seins
467 3904 683 3973 Krregsthsten,
696 3906 742 3960 die
756 3925 788 3960 er
838 3938 871 3948 -
883 3909 914 3961 in
926 3906 966 3975 te]
976 3908 1004 3960 S.
1014 3924 1039 3960 z.
1049 3908 1072 3960 Ι.
1084 3911 1126 3961 18.
1134 3912 1176 3962 ¹17.
1189 3934 1224 3947 -·
1235 3902 1366 3973 denique]

259 3972 302 4023 als
325 3971 483 4025 Proconsul
510 3973 540 4025 iu
564 3973 685 4026 Cilicien
715 3974 787 4026 soll·
837 3977 921 4041 lourz,
942 3975 1110 4043 aiherlsuupt.
1139 3974 1365 4028 s.z.1.18.13.

258 4038 373 4103 brechi,
391 4040 788 4107 einesupplieatioforderte.
841 4070 869 4081 -
887 4043 1024 4095 varietate
1041 4041 1214 4109 litterarum]
1238 4042 1269 4092 in
1291 4040 1367 4091 allen

259 4132 292 4141 —
309 4105 482 4173 decerneres]
506 4108 536 4161 S.
552 4124 577 4159 z.
594 4109 633 4161 II.
651 4113 692 4162 12.
709 4113 736 4162 6.
753 4138 788 4148 -
809 4145 812 4147 -
837 4110 945 4163 meinero
967 4110 1202 4177 monnipsoltiqeu
1230 4107 1367 4160 litterari·

259 4187 331 4237 quos
349 4210 356 4224 .
377 4208 384 4223 .
399 4174 658 4294 gessissethuter
681 4177 787 4229 ssiuem
837 4179 920 4235 soloen
931 4179 1074 4231 Ardeiten.
1097 4178 1125 4231 S.
1138 4192 1165 4227 u.
1176 4176 1199 4228 I.
1212 4179 1255 4227 29.
1269 4179 1292 4227 1.

261 4238 416 4292 Consulatu
437 4258 498 4293 war
543 4242 635 4296 iseros
656 4243 789 4297 Rdckhe·
872 4248 913 4299 13.
932 4245 1084 4299 hoenescio
1096 4239 1181 4310 puisi]
1196 4242 1270 4295 disse
1281 4242 1367 4296 unhe-
