3000 4650
624 259 794 319 rsnsmts.
1220 259 1261 322 21

148 423 286 486 miserior
306 443 371 487 sum
392 443 480 506 quam
501 432 542 496 tu,
567 445 642 507 quae
664 445 695 488 es
720 428 901 497 miserrima,
925 427 1004 506 quod
1028 429 1090 506 ipsa
1113 427 1262 493 calamitas

150 509 313 571 communis
328 518 373 571 est
382 510 535 590 utriusque
552 520 697 590 nostrum,
713 513 765 574 sed
781 511 865 590 culpa
877 529 942 573 mea
957 514 1077 592 propria
1090 522 1142 576 est.
1163 515 1262 578 lleum

149 594 204 655 luit
221 594 350 655 officium
374 594 418 655 vel
435 592 580 673 legatione
595 597 685 657 vitare
702 596 882 675 periculum,
901 595 947 658 vel
961 596 1109 677 diligentia
1126 606 1154 660 et
1168 602 1262 681 copiis

148 679 297 749 resistere,
313 677 357 740 vel
374 679 480 740 cadere
495 680 618 742 sortiter.
642 681 705 741 Hoo
719 683 865 752 miserius,
880 683 1005 761 turpius,
1017 683 1165 762 indignius
1176 685 1262 745 nohis

149 762 221 823 nihil
236 764 298 823 luit.
335 764 434 835 Quare
450 781 517 825 cum
537 764 640 827 dolore
655 767 810 837 conficior,
831 774 894 828 tum
910 768 996 829 etiam
1011 766 1135 845 pudore.
1165 768 1259 831 Pudet
1281 776 1301 836 2

149 849 226 908 enim
242 866 289 909 me
304 850 389 909 uxori
406 865 490 910 meae
506 851 647 928 optimae,
672 852 850 912 suavissimis
864 849 966 912 liberis
987 853 1125 913 virtutem
1146 861 1175 914 et
1196 853 1261 914 dili·

148 933 275 1011 gentiam
291 950 351 992 non
367 934 555 1013 praestitisse.
587 934 659 996 Nam
680 936 720 995 mi
740 943 807 996 ante
825 934 926 996 oculos
944 936 1006 997 dies
1021 945 1180 1018 noctesque
1196 957 1261 999 ver·

148 1023 229 1077 satur
243 1017 362 1096 squalor
379 1025 474 1079 vester
489 1025 518 1079 et
538 1035 656 1080 maeror
677 1027 706 1080 et
722 1021 876 1080 infirmitas
897 1019 1070 1082 valetudinis
1089 1028 1172 1090 tuae;
1194 1040 1262 1102 spes

148 1108 245 1163 autem
262 1101 362 1163 salutis
381 1103 531 1182 pertenuis
544 1104 716 1165 ostenditur.
753 1105 868 1165 Inimici
882 1113 952 1166 sunt
962 1104 1055 1175 multi,
1069 1106 1156 1166 invidi
1167 1124 1262 1184 paene

148 1203 259 1246 omnes.
293 1186 407 1249 Elicere
422 1205 477 1247 nos
491 1205 630 1266 magnum
644 1190 708 1257 luit,
727 1188 884 1250 excludere
900 1188 984 1250 lacile
1002 1196 1054 1251 est.
1089 1191 1147 1252 Sed
1162 1197 1259 1253 tarnen

146 1269 288 1349 quamdiu
302 1289 353 1331 ros
369 1271 448 1332 eritis
466 1273 496 1333 in
513 1289 579 1353 spe,
596 1291 655 1332 non
671 1272 813 1343 deficiam,
830 1292 867 1335 ne
884 1276 980 1334 omnia
996 1292 1060 1336 mea
1080 1273 1166 1354 culpa
1183 1277 1259 1337 ceci·

146 1355 224 1416 disse
239 1355 401 1418 rideantur.
430 1356 468 1417 Ut
482 1363 545 1416 tuto
562 1358 615 1419 sim
629 1357 707 1436 quod
722 1357 848 1429 laboras,
865 1359 892 1419 id
909 1357 980 1419 mihi
994 1375 1074 1418 nunc
1088 1358 1258 1421 laoiDimum
1281 1367 1299 1426 3

147 1445 207 1509 est,
232 1457 320 1518 quem
341 1441 427 1500 etiam
452 1442 563 1502 inimici
582 1439 684 1502 volunt
704 1443 800 1502 vivere
821 1443 850 1502 in
868 1443 913 1502 his
927 1444 1015 1502 tantis
1031 1444 1166 1504 miseriis.
1197 1444 1260 1522 Ego

147 1530 246 1586 tamen
262 1525 375 1594 faciam,
393 1542 468 1603 quae
482 1527 638 1604 praecipis.
674 1527 801 1596 Amicis,
817 1525 924 1604 quibus
939 1526 1063 1597 voluisti,
1079 1529 1127 1604 egi
1142 1529 1259 1606 gratias,

146 1616 177 1668 et
194 1625 242 1669 eas
261 1606 373 1670 litteras
387 1607 518 1688 Dexippo
539 1609 622 1679 dedi,
646 1628 753 1689 meque
778 1609 814 1670 de
836 1628 938 1671 eorum
960 1610 1056 1671 officio
1072 1612 1176 1690 scripsi
1194 1631 1211 1672 a
1231 1619 1259 1674 te

147 1693 303 1753 certiorem
326 1711 390 1754 esse
410 1693 530 1755 luctum.
565 1694 703 1756 Pisonem
722 1701 858 1756 nostrum
879 1695 1005 1756 mirifico
1027 1712 1091 1757 esse
1111 1696 1208 1756 studio
1230 1698 1260 1756 in

146 1795 201 1837 nos
222 1785 251 1838 et
271 1777 367 1839 officio
383 1785 412 1838 et
426 1794 481 1855 ego
504 1779 651 1857 perspicio
668 1785 697 1840 et
718 1797 821 1841 omnes
841 1780 1023 1859 praedicant.
1053 1780 1087 1840 Di
1103 1780 1209 1850 tarint,
1228 1790 1260 1842 ut

146 1861 195 1922 tali
217 1879 337 1940 genero,
349 1861 421 1922 mihi
443 1865 590 1941 praesenti
610 1869 709 1924 tecum
725 1862 856 1926 simulet
872 1882 938 1926 cum
958 1862 1059 1925 liberis
1073 1866 1182 1925 nostris
1200 1866 1259 1926 lrui

144 1943 244 2007 liceatt
281 1946 366 2008 Nunc
386 1963 453 2026 spes
473 1946 587 2028 reliqua
611 1954 656 2010 est
678 1949 709 2008 in
737 1950 819 2009 novis
844 1948 970 2010 tribunis
993 1947 1032 2027 pl.
1056 1951 1135 2009 etin
1156 1950 1259 2028 primis

145 2029 262 2108 quidem
284 2030 403 2102 diehus;
424 2048 492 2092 nam
512 2033 537 2092 si
550 2033 734 2104 inveterarit,
751 2040 847 2094 actum
865 2040 917 2094 est.
944 2033 985 2094 Ea
1002 2051 1036 2094 re
1053 2033 1090 2094 ad
1105 2039 1136 2094 te
1155 2034 1254 2094 statim
1278 2041 1298 2101 4

131 2115 349 2194 ¹Aristocritum
363 2115 437 2185 misi,
454 2123 486 2176 ut
498 2115 533 2177 ad
550 2133 597 2177 me
609 2119 749 2178 continuo
764 2118 845 2178 initia
859 2134 961 2179 rerum
973 2124 1002 2179 et
1015 2118 1159 2179 rationem
1171 2119 1260 2180 totius

145 2200 253 2278 negotii
274 2217 378 2278 posses
398 2199 545 2271 scrihere;
568 2202 623 2262 etsi
638 2201 770 2280 Dexippo
786 2219 903 2281 quoque
917 2202 956 2262 ita
977 2203 1137 2281 imperavi,
1161 2203 1258 2263 statim

144 2283 203 2345 huc
220 2289 252 2345 ut
267 2291 450 2356 recurreret,
468 2291 497 2347 et
514 2285 551 2347 ad
565 2287 687 2348 fratrem
701 2287 783 2357 misi,
805 2292 838 2348 ut
858 2285 965 2348 orehro
979 2285 1147 2349 tabellarios
1162 2288 1258 2349 mitte·

144 2375 200 2429 ret.
229 2368 302 2430 Nam
325 2388 379 2448 ego
401 2371 570 2432 eonomine
594 2388 658 2431 sum
676 2371 852 2451 Dyrrhachii
868 2371 927 2433 hoc
947 2378 1097 2451 tempore,
1122 2379 1258 2453 utquam

145 2452 307 2525 celerrime,
325 2454 393 2533 quid
405 2461 518 2533 agatur,
531 2456 662 2525 audiam3
675 2464 703 2516 et
713 2474 779 2517 sum
790 2462 868 2523 tuto;
885 2456 984 2517 civitas
999 2458 1077 2517 enim
1092 2457 1164 2518 haec
1181 2475 1257 2518 sem·

144 2556 198 2613 per
215 2556 231 2597 a
250 2556 297 2599 me
311 2538 430 2600 dolensa
449 2547 501 2599 est.
539 2538 612 2601 Cum
629 2540 738 2601 inimici
754 2541 849 2601 nostri
865 2540 965 2601 renire
979 2541 1131 2613 dicentur,
1149 2542 1257 2601 lumin

144 2622 265 2699 Epirum
284 2622 343 2683 iho.
375 2621 458 2692 Quod
475 2624 579 2685 sorihis
594 2630 632 2694 te,
650 2626 675 2686 si
689 2624 790 2693 velim,
807 2625 844 2685 ad
858 2643 906 2685 me
921 2632 1086 2685 venturam:
1104 2643 1253 2703 egerere,
1277 2634 1296 2690 5

145 2724 212 2766 cum
228 2708 319 2768 sciam
339 2725 475 2786 magnam
502 2715 616 2788 partem
636 2710 720 2770 istius
745 2712 844 2770 oneris
858 2709 911 2769 ahs
924 2715 954 2771 te
971 2710 1123 2779 sustineri,
1146 2718 1174 2770 te
1192 2710 1258 2771 istic

145 2808 210 2851 osso
226 2789 300 2851 volo.
337 2791 367 2852 Si
385 2792 523 2871 perficitis
539 2793 617 2871 quod
635 2794 728 2870 agitis,
745 2810 793 2855 me
809 2794 846 2853 ad
862 2811 914 2852 vos
934 2795 1035 2854 venire
1056 2802 1188 2872 oportet;
1211 2796 1257 2853 sin

145 2882 241 2936 autem
258 2920 452 2938 ........
485 2876 542 2937 Sed
557 2876 629 2936 nihil
646 2894 721 2955 opus
737 2884 781 2939 est
794 2876 909 2956 reliqua
927 2877 1069 2938 scrihere.
1095 2878 1138 2938 Er
1155 2879 1258 2956 primis

144 2967 194 3019 aut
208 2978 355 3025 summum
378 2960 515 3022 secundis
530 2960 636 3021 litteris
650 2963 708 3023 tuis
724 2962 902 3023 constituere
922 2963 1099 3039 poterimus,
1118 2962 1187 3040 quid
1203 2980 1257 3021 no·

144 3043 188 3103 his
203 3043 367 3105 iaciendum
383 3046 428 3105 sit.
459 3044 504 3105 Tu
519 3045 606 3104 modo
625 3046 661 3105 od
676 3064 723 3107 me
738 3045 825 3107 velim
841 3047 937 3106 omnia
953 3044 1174 3124 diligentissime
1189 3064 1257 3125 per·

144 3226 233 3281 bildet
242 3228 464 3295 deuGegensatz
474 3229 666 3281 zueommunis
725 3228 822 3280 cimus.
847 3228 886 3280 So
898 3227 991 3281 finden
1005 3228 1065 3281 sich
1077 3230 1131 3295 itu,
1144 3229 1196 3294 sie,
1215 3247 1257 3281 re·

145 3295 198 3347 wie
212 3312 327 3350 seuseu
341 3296 463 3348 alienus.
478 3325 512 3335 —
524 3298 661 3362 legatione
726 3302 779 3359 cte,
793 3297 971 3361 commodius,
985 3297 1088 3361 tutius,
1106 3298 1218 3349 honeste
1230 3313 1256 3348 ιι.

144 3362 191 3414 die
219 3362 273 3415 ihm
301 3379 355 3415 ron
380 3363 487 3416 Cacsar
516 3366 675 3431 angeboten
725 3363 1019 3417 s.1‹¹am.xvt.1o.s.
1041 3365 1259 3432 Pompeiuserat

145 3430 255 3492 wurde;
270 3447 301 3483 er
313 3430 390 3483 hitto
404 3430 530 3483 daduroh
542 3432 606 3483 iern
619 3447 673 3483 von
725 3432 804 3498 opud
815 3448 868 3495 me,
882 3448 942 3483 cum
954 3433 1021 3483 hoec
1036 3432 1198 3497 scribebam,
1215 3432 1257 3483 tt-

146 3498 219 3549 ltom-
242 3497 347 3550 seinem
375 3497 420 3549 Un

144 3565 263 3617 kinnen.
289 3564 354 3632 Vgl.
367 3514 442 3616 niul.
457 3582 482 3618 z.
494 3566 519 3618 J.
533 3568 575 3621 59.
586 3594 621 3605 -
634 3583 673 3617 re·
726 3582 774 3618 ser
790 3565 915 3618 Wunsoh
936 3566 1034 3619 wurde
1052 3566 1131 3619 nicht
1147 3564 1256 3633 eridllt,

143 3630 251 3697 sistere]
263 3632 323 3685 dem
337 3632 464 3685 Clodius.
479 3661 514 3671 ·-
530 3630 601 3701 Hoc]
616 3634 675 3686 Ab·
725 3633 793 3685 Piso
806 3634 885 3685 stsrb
897 3633 1011 3685 vorher.

143 3698 214 3749 lativ
223 3699 296 3752 heim
307 3700 373 3752 Com
396 3700 502 3753 eratis:
514 3701 622 3752 elender
632 3702 676 3753 als
759 3703 784 3751 4.
799 3701 931 3753 continuo
954 3699 1162 3767 unversa'iglich‚
1173 3718 1255 3755 wenn

144 3767 245 3830 dieses,
268 3782 324 3819 roos
346 3718 393 3820 iol
411 3769 529 3835 gethan,
548 3768 574 3821 d.
594 3768 613 3821 i.
632 3768 674 3822 als
726 3774 814 3822 etwas
833 3767 933 3850 gesche
953 3786 988 3822 en
1005 3768 1052 3821 ist.
1065 3796 1099 3805 —
1113 3770 1199 3822 initia
1215 3788 1257 3822 re·

144 3834 188 3886 die
202 3833 316 3886 Flucht.
726 3835 804 3903 rum]
821 3835 866 3889 dre
883 3841 979 3889 ersten
996 3835 1135 3902 Schritte,
1158 3837 1205 3889 die
1221 3854 1256 3888 ιιι

176 3906 201 3953 3.
229 3908 289 3953 tuto
311 3900 371 3953 sim.
409 3902 478 3954 Esse
499 3902 539 3955 ist
558 3903 619 3955 hier
639 3902 674 3955 im
724 3903 1144 3970 seinenGunstengeschehen.

144 3967 231 4021 Sinna
253 3986 307 4020 von
328 3969 368 4021 sic
407 3970 573 4037 anshalten,
599 3970 675 4023 tehen
758 3975 784 4024 5.
811 3971 895 4024 istius
915 3970 1023 4037 oneris]
1051 3972 1100 4023 der
1119 3972 1255 4037 dortipen,

144 4036 308 4101 gebraucht,
319 4054 349 4089 so
359 4037 423 4089 dass
434 4037 539 4090 dieArt
548 4038 596 4091 des
604 4038 675 4090 Aut·
724 4039 780 4103 (wo
793 4038 829 4090 du
842 4037 914 4102 bist)
925 4037 1042 4091 Meliten.
1056 4066 1089 4076 -
1106 4039 1151 4090 sin
1163 4046 1255 4091 uatem

144 4103 283 4156 entheltes
304 4102 393 4156 durch
414 4105 464 4156 dos
487 4102 601 4158 Adrerh
625 4105 675 4158 be·
723 4141 747 4157 ..
760 4104 785 4171 .]
802 4106 907 4158 DerGe
927 4105 1255 4165 onsatzliissterratheo,

143 4171 271 4224 zeichnet
287 4171 369 4223 wird.
403 4172 460 4225 Att.
478 4172 572 4223 Xllll.
589 4176 630 4225 20.
649 4177 674 4225 3.
722 4122 1189 4250 welcherArtderGedsnkepvsr‚
1200 4171 1253 4222 den

143 4238 189 4290 coi
201 4239 226 4290 si
237 4256 295 4291 esse
306 4240 336 4291 in
349 4240 416 4293 orde
431 4246 492 4292 tuto
509 4239 613 4306 tinette,
632 4240 673 4291 oi·
722 4239 824 4292 cicero
842 4237 902 4291 hier
919 4238 998 4291 nicht
1013 4235 1189 4303 aussprrcht‚
1205 4249 1254 4285 ιιι·

443 3498 505 3551 titos
535 3499 675 3567 entgehen
726 3499 787 3550 lare
798 3504 825 3549 et
836 3498 959 3553 libenter.
975 3500 1074 3565 —frui
1085 3499 1179 3566 liceat]
1192 3499 1257 3552 Die-
