3000 4650
453 305 582 370 214
1258 311 1379 369 LIB.
1411 311 1519 368 1111.
1549 310 1758 369 EPIST.
1790 315 1871 369 30.

452 477 656 538 venire
692 492 829 537 cum
859 476 1152 546 exercitu,
1183 483 1276 546 ut,
1308 475 1359 537 si
1388 474 1539 538 haec
1571 494 1644 537 ex
1671 477 1959 538 sententia
1992 476 2258 561 confecta
2290 485 2505 550 essent,
2540 496 2681 540 con-

453 558 583 621 silio
619 567 795 640 atque
830 561 1175 622 auctoritate
1203 568 1305 621 tua
1322 606 1337 628 ‚
1369 561 1462 619 sin
1492 559 1635 638 quid
1661 560 1818 621 forte
1845 560 2159 621 titubatum
2176 608 2191 631 ,
2223 567 2290 623 ut
2315 563 2382 622 fit
2409 565 2473 624 in
2501 561 2678 633 bello,

455 645 717 706 exercitu
742 652 845 705 tuo
878 645 1224 706 niteremur.
1267 643 1456 713 Quem
1483 644 1722 722 quidem
1742 662 1856 722 ,ego
1883 645 2206 706 exercitum
2232 645 2683 726 quibuscunque

453 734 704 805 potuero
732 726 915 790 rebus
944 729 1200 797 ornabo;
1245 729 1412 788 cuius
1433 728 1524 788 rei
1554 736 1678 788 tum
1706 735 1939 806 tempus
1979 729 2119 799 erit,
2162 747 2331 802 cum,
2373 730 2515 810 quid
2556 733 2683 808 opis

452 813 545 873 rei
571 811 842 890 publicae
871 811 1099 873 laturus
1127 814 1176 873 is
1211 812 1508 873 exercitus
1531 813 1607 872 sit
1631 818 1733 872 aut
1756 812 1897 890 quid
1917 814 2034 873 iam
2059 811 2289 883 tulerit,
2320 823 2528 875 notum
2553 832 2683 877 esse

452 898 734 976 coeperit.
777 895 926 956 Nam
952 896 1145 957 adhuc
1173 903 1403 956 tantum
1433 902 1680 957 conatus
1712 896 2057 969 audiuntur,
2091 898 2296 976 optimi
2327 895 2414 959 illi
2443 899 2683 979 quidem

453 989 512 1042 et
541 980 1025 1059 praeclarissimi,
1052 980 1157 1042 sed
1185 987 1349 1058 gesta
1380 996 1479 1041 res
1510 985 1915 1058 exspectatum
1960 997 2135 1058 quam
2170 981 2409 1060 quidem
2437 989 2539 1044 aut
2565 983 2682 1043 iam

372 1069 412 1130 3
457 1081 586 1126 esse
616 1063 869 1146 aliquam
899 1073 1000 1126 aut
1021 1066 1496 1144 appropinquare
1521 1064 1769 1125 confido.
1817 1063 1943 1125 Tua
1964 1065 2176 1128 virtute
2201 1075 2259 1127 et
2281 1066 2684 1144 magnitudine

453 1149 633 1209 animi
682 1146 830 1209 nihil
883 1154 971 1209 est
1010 1146 1282 1208 nobilius.
1341 1147 1545 1228 ltaque
1588 1155 1890 1227 optamus,
1932 1156 1997 1210 ut
2035 1167 2211 1230 quam
2242 1151 2589 1230 primumte
2620 1150 2683 1210 in

344 1275 349 1285 .
450 1232 617 1294 Italia
658 1232 978 1293 videamus,
1038 1230 1188 1293 Rem
1226 1231 1527 1310 publicam
1568 1248 1679 1293 nos
1715 1231 1938 1294 habere
1977 1232 2426 1303 arbitrabimur,
2483 1236 2533 1296 si
2581 1252 2683 1295 vos

450 1315 819 1378 habebimus.
869 1315 1181 1378 Praeclare
1203 1317 1561 1387 viceramus,
1593 1317 1706 1377 nisi
1728 1316 2073 1396 spoliatum,
2101 1317 2416 1388 inermem,
2450 1318 2682 1396 fugien-

449 1405 571 1461 tem
614 1400 871 1479 Lepidus
909 1401 1236 1479 recepisset
1272 1400 1611 1461 Antonium.
1668 1400 1873 1480 ltaque
1901 1419 2205 1480 nunquam
2239 1411 2402 1464 tanto
2435 1403 2569 1463 odio
2600 1403 2681 1477 ci.-

448 1486 611 1545 vitati
654 1484 942 1546 Antonius
983 1483 1126 1556 fuit,
1180 1493 1398 1563 quanto
1440 1492 1542 1545 est·
1573 1483 1851 1563 Lepidus.
1916 1484 2020 1546 llle
2049 1487 2207 1547 enim
2236 1506 2309 1549 ex
2341 1485 2683 1548 turbulenta

450 1587 517 1629 re
542 1567 810 1649 publica,
840 1569 937 1629 hic
967 1587 1040 1629 ex
1073 1587 1220 1648 pace
1252 1576 1310 1630 et
1338 1569 1581 1629 victoria
1611 1567 1835 1630 bellum
1869 1569 2157 1630 excitavit.
2206 1570 2356 1631 Huic
2382 1573 2683 1650 oppositos

453 1652 726 1715 consules
756 1652 1090 1731 designatos
1108 1652 1426 1722 habemus3
1464 1653 1526 1712 in
1542 1651 1758 1732 quibus
1784 1659 1874 1714 est
1892 1670 2105 1731 magna
2128 1652 2224 1713 illa
2261 1655 2499 1733 quidem
2522 1673 2678 1733 spes,

366 1732 414 1795 4
455 1737 559 1798 sed
592 1754 809 1815 anceps
845 1754 988 1798 eura
1018 1745 1264 1815 propter
1292 1737 1554 1798 incertos
1585 1737 1773 1799 exitus
1801 1737 2184 1815 proeliorum.
2238 1738 2537 1800 Persuade
2572 1738 2684 1800 tibi

448 1821 661 1898 igitur,
715 1823 778 1881 in
821 1827 880 1882 te
921 1822 1070 1882 etin
1098 1820 1285 1882 Bruto
1316 1827 1417 1883 tuo
1455 1837 1585 1882 esse
1614 1821 1843 1890 omnia,
1891 1840 1996 1883 vos
2033 1824 2391 1901 exspectari,
2428 1821 2682 1884 Brutum

447 1904 688 1984 quidem
716 1906 834 1966 iam
861 1906 1116 1985 iamque.
1177 1902 1428 1976 Quodsi,
1473 1913 1540 1966 ut
1581 1922 1788 1984 spero,
1821 1906 1987 1966 victis
2027 1905 2295 1967 hostibus
2335 1908 2553 1968 nostris
2583 1926 2680 1968 ve-

448 1990 655 2049 neritis
674 2036 689 2058 ,
735 1997 934 2050 tamen
976 1989 1327 2051 auctoritate
1362 1998 1558 2051 vestra
1605 2006 1705 2050 res
1738 1987 1973 2067 publica
2001 1999 2278 2067 exsurget
2308 2000 2364 2053 et
2394 1992 2453 2051 in
2482 1990 2679 2069 aliquo

447 2080 601 2134 statu
630 2071 924 2135 tolerabili
959 2074 1255 2134 consistet.
1319 2073 1468 2134 Sunt
1499 2073 1657 2134 enim
1688 2072 2007 2151 permulta,
2055 2074 2268 2152 quibus
2299 2076 2411 2136 erit
2438 2074 2680 2136 meden-

447 2157 620 2226 dum,
666 2159 844 2217 etiam
884 2156 937 2217 si
975 2173 1074 2218 res
1113 2155 1350 2237 publica
1394 2158 1535 2219 satis
1578 2173 1707 2219 esse
1738 2156 2033 2219 videbitur
2064 2157 2389 2221 sceleribus
2421 2159 2679 2220 hostium

444 2238 710 2302 liberata.
776 2240 932 2301 Vale.

451 2440 593 2475 ram.
638 2448 706 2490 ‚—
753 2424 804 2475 si
849 2423 1008 2491 haec]
1087 2424 1189 2477 der
1228 2424 1409 2492 Krieg
1444 2424 1507 2475 in
1608 2424 1755 2493 dem]
1805 2425 1875 2477 D.
1911 2426 2123 2478 Brutus
2162 2427 2277 2479 und
2303 2426 2563 2481 Plancus.
2615 2427 2679 2479 S.

445 2490 672 2543 Italian.
745 2492 805 2543 S.
850 2508 901 2543 z.
946 2494 990 2545 L
1042 2494 1124 2543 18.
1172 2494 1256 2544 11.
1300 2520 1368 2530 -
1407 2509 1507 2560 po·
1610 2509 1659 2543 z.
1685 2492 1817 2545 1111.
1846 2495 1926 2545 10.
1954 2496 2011 2559 1,
2048 2510 2103 2545 u.
2131 2493 2321 2546 Vrbm.
2350 2510 2398 2545 z.
2426 2493 2558 2545 1111.
2586 2496 2680 2547 20.

444 2556 639 2624 tuero]
667 2559 730 2610 S.
754 2575 805 2613 z.
831 2558 965 2612 IIII.
995 2562 1156 2613 12.-3.
1610 2587 1680 2599 --
1702 2560 1806 2612 illa
1832 2559 2083 2627 quidem]
2115 2561 2175 2614 S.
2199 2578 2254 2613 z.
2278 2561 2323 2615 1.
2350 2564 2429 2612 16.
2461 2562 2507 2617 1.

515 2632 563 2676 3.
599 2624 940 2692 viceramus]
975 2626 1094 2679 Der
1118 2625 1407 2679 Indicativ
1431 2625 1508 2678 im
1677 2629 1729 2681 4.
1778 2627 1891 2679 iam
1926 2626 2176 2695 iamque]
2228 2628 2359 2681 weil
2399 2645 2459 2680 er
2504 2628 2681 2680 nfiher

451 2692 585 2745 Hau,
623 2699 830 2758 tautae,
903 2709 992 2745 um
1053 2694 1363 2747 denselben
1422 2694 1507 2746 als
1611 2710 1729 2745 war
1755 2694 1839 2746 als
1866 2692 2371 2749 Cassium—victis
2394 2694 2673 2763 hostibus]

451 2708 706 2811 wirtzflich
739 2759 1140 2813 hinzustellen.
1164 2789 1230 2798 —
1255 2762 1508 2813 consules
1616 2759 1895 2813 Antonius
1924 2762 2037 2813 und
2064 2761 2334 2831 Lepidus,

1255 3200 1543 3207 ——-—-—--—--
1546 3200 1868 3207 —-———-———-—-
