3000 4650
403 315 405 320 ’
486 318 518 374 A.
533 316 676 375 MANLIUS
692 317 897 387 TORQUATUS.

1188 312 1248 378 163

138 486 227 546 etiam
250 482 360 544 doloris
375 482 492 545 futurus
504 482 548 542 sit.
594 481 652 543 Sed
666 481 741 543 baec
755 480 825 543 satis
839 481 944 552 multa,
967 481 1014 544 vel
1032 482 1119 561 plura
1140 486 1247 563 potius,

138 585 226 646 quam
241 584 363 629 neeesse
388 566 457 636 fuit;
480 566 551 628 facit
571 573 669 629 antem
684 584 746 626 non
765 566 928 645 loquacitas
944 583 1025 637 mea,
1048 567 1102 629 sed
1121 568 1249 632 benevo-

137 652 226 714 lenlia
241 651 391 729 longiores
406 650 553 730 epistolas.
577 650 712 712 Servium
727 651 895 712 discessisse
904 650 1027 712 Athenis
1041 651 1164 715 moleste
1177 653 1246 723 tuli;
1269 659 1289 719 5
1303 717 1306 725 ,

136 738 290 798 nonenim
308 736 423 806 dubito,
450 737 520 815 quin
534 752 659 813 magnae
670 733 723 795 tibi
738 734 877 796 levationi
893 733 997 796 solitus
1011 738 1050 798 sit
1066 754 1131 798 esse
1152 739 1247 814 quoti-

137 822 241 882 dianus
256 837 432 898 congressus
448 828 477 881 et
489 837 587 880 sermo
600 837 668 880 curn
682 818 902 881 familiarissimi
914 821 1051 891 hominis,
1070 827 1134 882 tum
1146 823 1248 899 optimi

136 913 165 968 et
181 905 401 984 prudentissimi
412 906 475 966 viri.
521 905 566 965 Tu
580 903 667 964 velim
681 911 725 972 te,
748 911 783 965 ut
797 903 888 965 debes
908 912 938 966 et
957 904 1049 976 soles,
1071 914 1122 966 tua
1142 907 1249 967 virtute
1335 965 1342 981 ,

135 996 290 1052 sustentes.
334 991 411 1068 Ego,
433 996 552 1068 quaele
567 986 642 1050 velle
665 1005 798 1067 quaeque
819 988 856 1048 ad
869 995 899 1048 te
914 995 943 1048 et
957 989 993 1050 ad
1013 995 1080 1050 tuos
1099 992 1249 1069 pertinere

135 1075 311 1144 arbitrabor,
327 1075 423 1135 omnia
432 1073 561 1134 studiose
582 1071 797 1152 diligenterque
816 1072 944 1142 cnrab03
963 1092 1039 1154 quae
1053 1092 1122 1135 cum
1134 1074 1248 1145 faciam,

134 1158 368 1243 benevolentiam
383 1165 464 1218 tuam
477 1175 546 1235 erga
563 1175 610 1218 nae
625 1155 772 1226 imitabor,
787 1159 892 1218 merita
905 1175 966 1217 non
981 1175 1130 1238 assequar.
1167 1158 1247 1220 Vale.

536 1321 714 1388 Erlsronn
736 1322 852 1386 XXX.

443 1465 476 1522 ll.
493 1463 607 1522 CICERO
624 1463 649 1520 S.
664 1466 693 1521 ll.
708 1465 739 1519 Α.
757 1463 944 1534 TORQUATO.

217 1579 289 1640 Peto
305 1597 321 1640 a
335 1587 379 1648 te,
402 1597 440 1640 ne
461 1597 509 1640 me
532 1586 617 1659 putes
639 1577 784 1639 oblivione
804 1579 847 1638 tui
874 1580 971 1639 rarius
991 1579 1028 1639 ad
1052 1587 1083 1640 te
1104 1579 1245 1648 scribere,
1269 1587 1286 1646 1

134 1682 221 1744 quarn
235 1663 379 1734 solebam,
402 1664 454 1724 sed
469 1671 519 1724 aut
538 1664 678 1740 gravitate
692 1661 875 1732 valetudinis,
899 1680 958 1741 qua
971 1670 1072 1724 tamen
1089 1663 1148 1723 iam
1162 1663 1247 1742 paul·

132 1747 194 1809 lum
209 1747 309 1810 videor
324 1747 433 1817 levari,
452 1756 502 1810 aut
516 1747 595 1830 quod
618 1746 712 1808 absim
733 1746 771 1808 ab
785 1746 876 1816 urbe,
898 1753 946 1816 ut,
970 1748 1020 1824 qui
1043 1747 1080 1807 ad
1100 1754 1130 1808 te
1156 1748 1247 1825 proli·

133 1835 292 1901 niscantur,
316 1834 393 1894 scire
406 1833 467 1892 non
482 1833 602 1911 possim.
640 1832 738 1903 Quare
753 1829 841 1891 velim
854 1831 893 1892 ita
908 1836 1048 1892 statutum
1065 1830 1185 1902 habeas,
1198 1850 1247 1893 me

131 1919 174 1978 tui
187 1918 361 1978 memoriam
376 1935 444 1978 curn
460 1935 574 1978 summa
586 1915 788 1978 benevolentia
803 1922 908 1977 tenere
930 1922 1055 1995 tuasque
1075 1933 1179 1978 omnes
1198 1934 1247 1977 res

130 2019 191 2062 non
206 2002 313 2062 minori
326 2001 399 2062 mihi
414 2009 503 2062 curae
518 2019 610 2080 quam
621 2018 703 2064 meas
714 2017 787 2062 esse.
833 1997 918 2068 Quod
935 2002 1047 2062 maiore
1060 2002 1091 2061 in
1103 2002 1243 2062 varietate
1265 2005 1286 2066 2

131 2091 243 2148 versata
260 2094 304 2147 est
319 2086 417 2147 adbuc
433 2093 483 2146 tua
502 2103 599 2154 causa,
614 2102 703 2164 quam
718 2083 855 2146 homines
869 2094 919 2144 ant
934 2083 1071 2146 volebant
1083 2093 1134 2146 aut
1145 2086 1246 2163 opina·
1299 2142 1302 2149 .

129 2170 254 2238 bantur,
278 2170 349 2230 mihi
372 2169 475 2238 crede,
507 2187 567 2229 non
591 2178 635 2230 est
654 2185 709 2247 pro
732 2167 817 2229 malis
838 2176 1005 2246 temporum
1023 2169 1104 2249 quod
1123 2167 1247 2230 moleste

132 2254 219 2315 feras.
263 2253 392 2316 Necesse
407 2260 451 2313 est
467 2255 546 2312 enim
561 2261 612 2314 aut
629 2254 719 2312 armis
733 2255 835 2331 urgeri
848 2271 913 2314 rem
929 2252 1077 2332 publicam
1092 2255 1247 2335 sempiter-

130 2341 177 2399 nis
188 2344 238 2399 aut
254 2337 300 2397 his
314 2339 416 2417 positis
431 2340 563 2399 recreari
577 2337 735 2417 aliquando
754 2346 805 2399 aut
815 2338 946 2399 funditus
961 2340 1093 2401 interire.
1117 2340 1147 2400 si
1164 2357 1246 2400 arma

130 2421 283 2491 valebunt,
296 2439 352 2483 nec
367 2440 432 2491 eos,
452 2441 468 2482 a
485 2422 590 2502 quibus
608 2424 765 2501 reciperis,
787 2423 884 2484 vereri
901 2421 992 2483 debes
1006 2440 1062 2484 nec
1076 2442 1141 2492 eos,
1171 2441 1246 2501 quos

131 2505 280 2574 adiuvisti;
307 2507 331 2567 si
347 2508 436 2568 armis
464 2507 702 2568 autcondicione
718 2508 821 2585 positis
836 2512 886 2567 aut
897 2506 1104 2585 defatigatione
1124 2507 1246 2568 abiectis

132 2598 182 2651 aut
195 2592 317 2652 victoria
339 2591 480 2652 detractis
492 2592 593 2653 civitas
606 2593 810 2669 respiraverit,
834 2598 864 2651 et
880 2591 1022 2669 dignitate
1037 2597 1087 2652 tua
1110 2591 1168 2652 frui
1192 2590 1245 2652 tibi

130 2682 160 2735 et
174 2676 300 2736 fortunis
315 2674 430 2745 licebit;
453 2676 498 2737 sin
513 2677 632 2736 omnino
644 2676 812 2737 interierint
828 2677 927 2735 omnia
943 2676 1090 2753 fueritque
1100 2678 1126 2737 is
1141 2678 1244 2744 exitus,

130 2760 274 2837 quemvis
289 2761 547 2839 prudentissimus,
563 2760 601 2821 Μ.
618 2761 770 2830 Antonius,
795 2761 851 2820 iam
867 2766 930 2819 tum
944 2759 1080 2828 timebat,
1104 2778 1171 2821 cum
1182 2769 1246 2820 tan-

129 2850 192 2905 tum
207 2845 318 2906 instare
334 2844 481 2905 malorum
502 2844 722 2923 suspicabatur,
744 2845 853 2905 misera
867 2851 911 2905 est
931 2842 979 2903 illa
1001 2844 1120 2923 quidem
1141 2862 1244 2904 conso-

127 2926 212 2997 latio,
236 2926 286 2989 tali
300 2929 474 3006 praesertim
487 2930 543 2990 civi
556 2936 586 2990 et
599 2931 677 2999 viro,
695 2928 747 2990 sed
763 2935 863 2990 lamen
880 2929 1062 2999 necessaria,
1084 2926 1156 2989 nihil
1178 2946 1243 2991 esse

126 3015 288 3093 praecipue
303 3014 440 3094 cuiquam
455 3013 614 3075 dolendum
629 3015 660 3073 in
676 3032 725 3084 eo,
750 3014 830 3092 quod
849 3012 963 3073 accidat
976 3013 1129 3073 universis.
1160 3014 1241 3086 Quae
1263 3017 1284 3077 3
1325 3035 1328 3040 ·

161 3212 256 3265 Emsn.
264 3215 352 3266 XXX.
365 3214 498 3280 (709.45.)
511 3213 661 3267 DerBrief
667 3251 669 3257 ι
707 3210 801 3282 peria]
816 3213 843 3265 d.
853 3213 872 3265 i.
882 3229 938 3266 von
949 3213 1067 3266 Caesar.
1078 3214 1243 3281 Torquatus

128 3276 168 3330 ist
184 3294 228 3329 um
247 3280 292 3331 die
310 3281 395 3333 Mitte
414 3282 463 3333 des
484 3282 586 3335 Jabres
609 3298 673 3349 go·
711 3281 827 3349 glaubte
846 3282 919 3333 anob
935 3281 990 3333 den
1007 3281 1075 3347 Sieg
1092 3282 1142 3333 der
1160 3282 1245 3333 Porn-

128 3345 291 3410 scbrieben,
316 3348 357 3398 als
382 3348 483 3400 Cicero
503 3348 574 3401 nach
595 3350 657 3402 dem

126 3412 326 3533 ffipgleenseiner
350 3406 474 3467 Tochter
497 3414 567 3469 Rom
591 3434 656 3469 ver·

162 3584 187 3632 1.
226 3578 470 3651 me.·.lenere]
508 3583 566 3635 Der
589 3583 656 3636 Aee.

127 3667 151 3700 c.
177 3648 236 3699 Inf.
259 3648 323 3702 weil
348 3657 472 3703 statuere
494 3650 555 3704 bier
578 3650 658 3703 nicht

125 3736 160 3761 =
172 3716 364 3777 bescblfceeen,
383 3719 658 3771 sondern=anneb-

125 3801 200 3849 men,
224 3783 374 3851 iiberzecpt
392 3786 460 3838 sein.
490 3786 555 3853 vgl.
577 3786 657 3838 fibri·

125 3868 194 3919 gens
208 3854 230 3905 I.
244 3856 306 3906 ’1.1.

160 3957 184 4006 2.
210 3952 364 4025 varietate]
390 3954 440 4007 der·
458 3953 588 4007 Wecbsel
606 3955 657 4008 be-

126 4022 209 4074 stand
221 4022 314 4089 dorin,
328 4022 393 4074 dass
403 4021 459 4075 ibm
468 4036 521 4074 nur
532 4022 659 4089 langsam

123 4088 213 4142 Eines
227 4088 297 4143 nach
311 4088 372 4143 dem
382 4088 497 4142 Andern
507 4096 659 4157 segestan-

126 4156 181 4207 den
199 4158 307 4211 vaurde.
323 4186 357 4195 -
375 4158 461 4208 armis
477 4158 573 4223 crpori
589 4174 658 4209 aem-

125 4220 195 4291 pit]
216 4222 285 4278 ‘oon
297 4226 428 4278 enalloscn
440 4224 560 4291 Krfepen
573 4224 657 4277 beina-

123 4290 374 4357 pesuebtwerden’.
388 4322 418 4333 ·-
434 4311 452 4346 o
470 4293 571 4361 quibua
588 4293 656 4345 reel-

710 3350 829 3416 pejaner
839 3348 971 3401 frircbten
982 3365 1017 3400 zu
1028 3348 1150 3413 mitesce,
1160 3365 1243 3401 wenn

711 3434 743 3468 er
755 3432 811 3467 von
824 3415 930 3469 Caesar
949 3415 1101 3481 bepnadc‘pl
1116 3417 1242 3468 worden.

710 3511 744 3521 -·
766 3481 809 3535 M.
833 3482 998 3550 Antonius]
1023 3482 1074 3535 der
1097 3482 1244 3537 berfibmte

709 3550 827 3604 Redner
843 3550 942 3603 warde
959 3550 978 3601 i.
996 3548 1023 3602 J.
1035 3554 1069 3603 87
1081 3552 1135 3603 auf
1144 3551 1244 3603 Befebl

709 3619 760 3671 des
784 3618 895 3670 Marius
918 3617 977 3670 und
995 3618 1088 3670 Cinna
1105 3618 1242 3685 getodtet
1363 3653 1365 3661 ,

708 3685 788 3738 Beira
806 3685 958 3737 Ausbrucb
982 3686 1032 3738 des
1056 3692 1153 3737 ersten
1170 3685 1242 3737 Bfir-

709 3746 824 3820 gerlrrie
846 3771 876 3805 es
887 3754 1003 3806 batteer
1014 3752 1074 3805 also
1084 3752 1243 3805 schenvor-

709 3770 910 3941 (ιίιιίιὶςὲἷοὲοιι,ι
925 3821 991 3873 dass
1009 3820 1244 3940 (ἒεέἰοπῖοὴαῆ

729 3905 743 3940 e
840 3904 1000 3942 1maenzu
1044 3905 1098 3940 ne
1136 3906 1242 3941 ee.—

708 3904 891 4023 praeeeglc'm]
918 3955 959 4007 Es
972 3954 1060 4018 steht,
1082 3905 1138 4009 wige
1155 3972 1242 4009 unser

710 4024 819 4089 suntal,
837 4023 934 4076 immet
951 4022 980 4074 in
994 4023 1085 4075 einem
1102 4022 1243 4076 vollstain·

711 4089 796 4159 iligen
808 4092 912 4158 (prees.
924 4089 963 4156 εὓ
975 4090 1242 4157 oderabgekiirzten

711 4158 880 4211 Causelsatz
912 4158 977 4224 (lali
1005 4175 1098 4228 praes.
1123 4158 1185 4209 ciro
1206 4182 1242 4206 =

707 4227 838 4346 groesilsli
848 4226 917 4278 talis
924 4226 1037 4297 vireat),
1042 4254 1074 4263 -
1080 4224 1243 4293 praecipue]

732 4310 776 4349 .z.
836 4297 897 4346 .31.
911 4298 935 4346 1.

976 4379 1039 4445 11*
