3000 4650
248 216 307 281 108
457 214 462 234 ”
660 221 719 278 ils.
735 221 768 277 ιιι
782 220 885 309 nrlsv.
900 225 946 275 ea

244 405 342 466 neque
358 385 454 446 solum
470 387 496 446 ei
511 385 597 447 saluti
611 387 666 456 lui,
687 386 739 447 sed
755 387 842 446 etiarn
858 386 970 454 curavi,
989 391 1022 445 ut
1038 402 1105 445 cnm
1121 385 1296 445 anctoritate
1310 401 1361 445 re·

246 477 360 549 guarel.
400 472 524 532 Metram
545 477 575 532 et
598 489 678 539 eum,
703 489 791 549 quem
811 478 843 530 tu
865 469 937 529 mihi
950 468 1106 545 diligenter
1126 468 1361 539 commendares,

246 556 443 626 Athenaeum,
464 555 685 633 importunitate
698 555 867 623 Athenaidis
882 552 983 614 exsilio
1006 552 1159 623 multatoS,
1180 557 1211 613 ire
1232 554 1362 614 maxima

246 640 325 718 apud
338 656 441 717 regem
455 640 629 700 auctoritate
643 641 794 718 gratiaque
813 640 961 699 cunstitui.
994 637 1125 716 Cumque
1138 656 1278 716 magnum
1296 636 1362 698 bel·

245 722 308 784 lum
323 726 354 785 in
371 724 554 804 Cappadocia
573 726 785 800 concitaretur,
804 726 828 784 si
842 723 981 784 sacerdos
995 724 1087 782 armis
1101 740 1149 792 se,
1170 721 1249 799 quod
1264 722 1361 782 lactu·

244 825 298 869 rus
318 808 493 886 putabatur,
519 808 707 878 defenderet,
729 805 902 869 adolescens
925 814 954 867 et
974 809 1104 885 equitatu
1124 813 1154 867 et
1173 807 1305 885 peditatu
1330 813 1363 867 et

246 894 372 971 pecunia
387 899 507 971 paratus
522 899 551 953 et
565 898 610 952 tot
624 894 673 963 iis,
696 893 747 969 qui
760 892 862 952 novari
877 890 986 970 aliquid
1006 889 1157 961 volebant,
1178 890 1304 970 perfeci,
1327 896 1362 950 ut
1484 917 1486 982 q

249 993 374 1054 eregno
395 976 443 1038 ille
464 977 627 1038 discederet
646 994 759 1054 rexque
779 977 842 1036 sine
862 974 990 1036 tumultu
1011 993 1045 1035 ac
1065 976 1129 1036 sine
1151 976 1254 1043 armis,
1280 976 1362 1034 omni
1484 1001 1485 1010 ι

207 1059 226 1119 7
250 1062 422 1122 auctoritate
436 1060 520 1122 aulae
535 1062 727 1129 communita,
747 1078 874 1139 regnum
889 1078 956 1121 cum
970 1060 1110 1138 dignitate
1124 1058 1281 1120 obtineret.
1311 1057 1360 1118 ln-

214 1197 220 1202 .
248 1152 330 1206 terea
352 1147 477 1223 cognovi
494 1144 654 1206 multorum
677 1143 783 1205 litteris
803 1150 890 1223 atque
912 1145 1020 1204 nuntiis
1040 1161 1162 1222 magnas
1181 1142 1359 1204 Parthorum

248 1230 348 1307 copias
363 1237 392 1290 et
405 1229 535 1291 Arabum
558 1229 595 1290 ad
614 1229 756 1307 oppidum
771 1228 963 1290 Antiocheam
984 1230 1142 1289 accessisse
1160 1244 1361 1307 magnumque

249 1331 354 1375 eorum
370 1315 546 1392 equitatum,
569 1315 619 1391 qui
635 1315 666 1373 in
682 1312 812 1374 Ciliciam
826 1315 995 1381 transisset,
1019 1311 1056 1372 ab
1077 1313 1210 1390 equitum
1223 1327 1359 1371 meorum

246 1398 353 1458 turmis
368 1405 424 1460 eta
437 1398 558 1458 cohorte
570 1399 732 1475 praetoria,
748 1414 825 1474 quae
839 1404 902 1458 erat
910 1397 1099 1475 Epiphaneae
1110 1395 1250 1474 praesidii
1261 1413 1357 1464 caasa,

248 1482 402 1543 occidione
422 1483 561 1543 occisum.
592 1480 688 1551 Quare
714 1498 783 1541 cum
805 1482 935 1542 viderem
951 1500 966 1541 a
983 1481 1167 1560 Cappadocia
1181 1478 1359 1541 Parthorum

248 1567 348 1644 copias
363 1583 481 1627 aversas
494 1584 554 1626 non
570 1565 659 1643 longe
672 1584 688 1626 a
703 1565 811 1627 linibus
827 1583 891 1627 esse
906 1564 1036 1634 Ciliciae,
1060 1583 1148 1643 quam
1168 1564 1251 1642 potui
1266 1564 1358 1624 maxi·

246 1650 304 1709 mis
318 1650 473 1711 itineribus
494 1650 531 1710 ad
549 1651 693 1710 Amanum
714 1652 876 1711 exercitum
897 1650 975 1719 duri,
1006 1650 1070 1721 Quo
1090 1656 1123 1710 ut
1143 1649 1224 1719 veui,
1243 1648 1360 1709 hostem

248 1733 285 1793 ab
302 1734 462 1795 AntIochea
483 1735 654 1804 recessisse,
676 1733 814 1795 Bibulum
828 1734 1006 1795 Antiocheae
1027 1751 1092 1794 esse
1114 1734 1250 1811 cognovi3
1272 1733 1359 1793 Deio·

247 1824 345 1878 tarum
361 1818 516 1880 confestim
530 1820 589 1878 iam
604 1819 639 1879 ad
654 1835 702 1878 me
717 1819 883 1898 venientem
905 1837 973 1879 cum
992 1835 1100 1896 magno
1121 1826 1150 1878 et
1168 1818 1254 1878 tirmo
1276 1818 1358 1895 equi·

246 1908 309 1963 tatu
324 1907 353 1962 et
367 1904 497 1982 peditatu
511 1910 540 1962 et
555 1921 623 1963 cum
637 1901 774 1963 omnibus
785 1905 846 1964 suis
858 1905 948 1982 copiis
960 1904 1117 1963 certiorem
1129 1902 1186 1963 leci
1196 1918 1256 1960 nou
1268 1901 1360 1960 videri

251 2003 315 2047 esse
331 2004 465 2056 causam,
494 2005 548 2048 cur
570 1986 686 2048 abesset
700 2006 716 2048 a
732 2004 840 2065 regno,
862 2006 970 2067 meque
991 1987 1027 2047 ad
1048 2004 1130 2055 enm,
1155 1985 1269 2065 siquid
1290 1985 1358 2044 novi

207 2072 228 2137 8
250 2070 327 2132 iorte
346 2072 511 2142 accidisset,
531 2073 629 2132 statim
651 2071 763 2131 litteras
785 2073 961 2151 nuntiosque
976 2073 1135 2131 missurum
1154 2088 1227 2131 esse.
1272 2069 1358 2128 Cum·

240 2172 306 2234 ¹que
324 2173 358 2215 eo
373 2157 471 2216 animo
490 2156 647 2225 venissem,
664 2162 696 2215 ut
711 2156 828 2235 utrique
844 2156 1025 2234 provinciae,
1043 2158 1068 2216 si
1077 2157 1117 2215 ita
1128 2163 1244 2232 tempus
1256 2154 1356 2222 ferret,

159 2253 181 2275 r
249 2238 450 2310 subvenirem,
470 2241 593 2309 tamid,
615 2240 764 2318 quodiam
787 2247 854 2301 ante
875 2248 1034 2301 statueram
1054 2238 1244 2300 vehementer
1266 2240 1357 2298 inter·

249 2341 312 2385 esse
332 2325 485 2403 utriusque
506 2326 688 2405 provinciae,
708 2342 815 2402 pacare
835 2327 980 2386 Amanum
1001 2332 1030 2385 et
1051 2331 1227 2403 perpetuum
1242 2323 1358 2383 hostem

247 2507 368 2572 Brutus,
399 2508 450 2560 der
480 2509 565 2561 Neffe
596 2509 696 2574 Cetos,
726 2509 777 2561 da-

246 2575 337 2626 herim
344 2577 450 2628 Senate
461 2576 506 2629 cin
513 2576 664 2629 Beschluss
674 2576 777 2629 durch-

248 2650 358 2708 gesetat
373 2644 504 2710 worden,
522 2644 657 2696 wodurch
674 2644 775 2697 Cicero

246 2709 414 2777 beauftragt
436 2711 549 2778 warde,
579 2713 641 2763 dem
664 2711 776 2779 Kdnige

247 2775 346 2828 seinen
363 2778 541 2830 besonderen
559 2779 663 2831 Schuta
688 2796 775 2846 ange-

248 2843 348 2895 deihen
365 2860 400 2897 zu
418 2845 528 2912 lassen,
547 2862 592 2897 um
608 2847 656 2897 ihn
673 2846 702 2897 in
720 2849 775 2898 den

248 2911 339 2963 Stand
350 2929 386 2964 zu
398 2920 508 2978 actaea,
517 2937 518 2941 ¹
527 2913 604 2966 seiae
618 2914 776 2981 Gliubiger

245 2979 382 3031 bczahlen
398 2996 434 3031 au
451 2981 571 3032 kdnnen,
589 3009 621 3018 -
633 2980 774 3049 Metram]

246 3044 342 3098 Metra
380 3047 435 3098 wie
473 3048 634 3100 Athenaeus
678 3065 775 3100 waren

245 3111 380 3164 Freunde
396 3113 447 3165 der
465 3115 533 3166 rdrn.
547 3114 706 3183 Gliubiger
719 3117 777 3168 und

173 3194 175 3202 ’
248 3181 300 3231 eni
315 3180 461 3233 Austiften
479 3180 530 3234 der
546 3182 672 3250 Kdnigin
688 3182 775 3234 Athe-

247 3247 309 3300 nais
323 3249 451 3319 entiernt
461 3251 623 3302 worden.-
633 3249 775 3318 sacerdos]

247 3315 380 3367 Gemeint
391 3315 429 3368 ist
440 3316 605 3383 Archelaus,
619 3318 670 3370 der
682 3318 775 3370 Ober-

246 3383 372 3500 qriester
396 3400 439 3436 am
461 3385 580 3453 Tempel
604 3385 655 3437 der
673 3386 775 3438 Gdttin

272 3450 366 3502 allona
392 3451 422 3503 iu
452 3452 575 3504 Comana
604 3451 634 3504 in
658 3454 774 3508 Pontus.

246 3517 343 3570 Ueber
353 3518 400 3570 die
410 3518 506 3572 Maoht
517 3520 665 3572 desselben
677 3538 699 3572 s.
707 3521 776 3572 Hir-

246 3584 305 3637 tius
317 3587 349 3636 Β.
362 3584 443 3638 Alex.
454 3590 497 3638 66.
528 3589 664 3652 Comana,
682 3595 776 3639 actus-

245 3653 385 3705 tissimam
396 3661 423 3705 et
432 3655 638 3706 sanctissimum
643 3656 777 3707 Bellonae

245 3721 389 3787 templum,
408 3723 481 3788 quad
493 3729 576 3774 tanta
588 3723 721 3788 religione
732 3740 776 3774 ca-

247 3787 330 3849 litar,
348 3796 382 3840 ut
398 3791 527 3847 sacerdos
540 3790 600 3841 cius
612 3792 679 3842 deae
690 3791 776 3841 maie-

247 3862 338 3920 state,
367 3857 496 3923 impcria,
529 3858 655 3924 patentia
679 3875 776 3909 secan·

247 3924 300 3975 dus
319 3941 337 3974 a
355 3941 418 3989 repe
438 3940 573 3977 consensu
589 3925 680 3991 qentis
696 3925 775 3977 illius

246 3990 394 4042 habeatur.
406 4019 438 4029 -
450 3993 775 4058 concitaretur—defen·

247 4055 344 4124 deret]
373 4058 431 4110 Das
460 4059 624 4128 Imperfect.
653 4060 699 4111 fuir
723 4060 773 4112 das

186 4122 194 4140 ⁹
246 4122 475 4193 Plusquamperf.
489 4127 525 4177 im
533 4128 657 4179 Vorder-
668 4127 724 4179 und
737 4128 774 4179 im

247 4190 417 4244 Nacbsatze.
434 4193 462 4244 S.
475 4209 500 4245 a.
509 4194 548 4245 II.
560 4198 615 4248 7.2.
627 4222 661 4233 -—
673 4202 714 4246 tot
725 4194 774 4262 iis]

828 2509 882 2561 Die
894 2508 998 2560 Lesart
1010 2507 1049 2560 ist
1061 2507 1208 2562 unsicherr
1227 2506 1278 2559 der
1296 2505 1356 2557 cod.
1452 2566 1455 2571 ,
1484 2542 1485 2557 t

829 2577 905 2628 Med.
915 2578 964 2628 hat
972 2582 1039 2628 tatu.
1058 2576 1171 2627 Andsrc
1183 2574 1262 2626 lesen
1271 2580 1357 2637 tatas,

828 2651 905 2724 tatus
918 2645 1041 2709 deditus,
1060 2650 1117 2694 tota
1130 2643 1242 2694 deditae
1254 2641 1356 2705 anima,

827 2719 921 2763 castus
935 2728 961 2763 ιι.
975 2729 1001 2763 a.

860 2817 885 2867 7.
903 2812 1026 2879 equiturn
1033 2807 1172 2876 meorum]
1183 2809 1285 2860 Cicero
1294 2807 1357 2859 hat-

826 2884 856 2932 te
880 2880 958 2932 seine
982 2878 1111 2931 Reitcrei
1139 2894 1195 2929 von
1220 2875 1357 2941 Cybistra

827 2948 898 2999 uach
922 2946 1043 2998 Cilicien
1065 2945 1211 2998 cntsendt.
1233 2970 1265 2978 —
1286 2941 1357 3007 Epi-

826 3014 970 3082 phaniae]
1000 3010 1085 3066 stadt
1107 3013 1137 3063 in
1162 3009 1283 3062 Cilicien
1313 3026 1357 3060 am

827 3083 961 3134 Amanus.
986 3109 1019 3119 ·-
1043 3081 1152 3145 Queat
1170 3074 1250 3142 osai]
1269 3075 1319 3128 Am
1331 3078 1357 3129 8.

828 3150 954 3202 October
977 3165 1038 3200 war
1060 3165 1090 3199 er
1111 3146 1141 3197 in
1160 3145 1208 3196 Mo
1230 3142 1359 3196 subestis

829 3233 871 3269 am
885 3218 1019 3269 Amanus.
1031 3243 1064 3252 -
1076 3162 1227 3278 Βὶὒιιῑιιιηῖ
1239 3211 1278 3262 Μ.
1289 3210 1356 3285 Cal-

827 3284 949 3364 purnius
967 3282 1085 3334 Bibulus
1108 3299 1168 3333 war
1186 3278 1356 3332 Stattbaltcr

826 3369 856 3403 ιιι
875 3351 979 3417 Syrien
1003 3350 1164 3417 geworden.
1200 3346 1282 3399 Noch
1304 3362 1357 3396 vor
1382 3353 1393 3366 ‘
1484 3348 1485 3377 l

826 3419 921 3471 seiner
934 3417 1063 3469 Anlrunlt
1076 3417 1153 3469 hatte
1165 3413 1292 3479 Cassius,
1306 3413 1357 3464 der

827 3486 869 3538 als
883 3486 1026 3549 Quaestor
1044 3484 1115 3535 nach
1132 3484 1193 3535 dem
1209 3481 1290 3532 Tude
1307 3480 1357 3531 des

827 3553 948 3605 Crassus
961 3552 1007 3605 dic
1016 3552 1097 3619 Trup
1119 3567 1155 3602 en
1168 3548 1296 3602 daselbst
1306 3548 1356 3599 be-

826 3621 959 3688 fehligte,
973 3620 1019 3671 die
1031 3618 1088 3670 Par
1122 3634 1153 3668 er
1165 3615 1301 3683 verfolgt,
1314 3613 1356 3666 als

827 3681 1356 3753 dieseausMangelanLebensmittelu

827 3772 881 3806 von
892 3753 1042 3807 Antiochia
1051 3751 1111 3804 sich
1121 3751 1229 3804 wieder
1238 3749 1357 3803 zurdclr-

826 3839 924 3889 rogen.

859 3925 886 3974 8.
909 3922 1022 3989 utrique
1044 3918 1226 3987 provinciae]
1251 3915 1356 4036 derien

826 3989 933 4043 sowohl
946 3991 1000 4040 wie
1013 3988 1135 4040 Cilicien
1148 3993 1253 4039 musste
1285 4000 1355 4036 aran

826 4058 933 4124 liegen,
952 4057 1017 4109 dass
1036 4055 1087 4108 das
1103 4054 1190 4106 wilde
1201 4051 1355 4119 Bergvollr,

826 4126 948 4178 welches
966 4123 1004 4175 im
1021 4123 1144 4175 Amanus
1163 4120 1277 4184 brusts,
1302 4136 1356 4170 un-

827 4192 970 4247 sehadlioh
979 4190 1108 4258 gemacht
1117 4188 1226 4241 warde.
1240 4215 1273 4226 -
1283 4184 1354 4251 tam]
