3000 4650
230 173 274 236 40
646 178 705 234 tm.
721 178 739 233 1.
756 177 857 234 uersu.
875 180 915 232 rs.

233 344 409 406 decessionis
433 343 607 413 afferebam
633 361 691 406 non
709 341 819 412 solum,
834 350 969 423 utquam
984 343 1146 406 diutissime
1164 350 1193 405 te
1211 346 1340 408 iucunda

233 428 369 509 opinione
390 428 585 498 oblectarem,
605 428 656 490 sed
678 430 765 491 etiam
788 430 856 507 quia
871 434 951 489 tanta
966 428 1160 491 adhibebatur
1177 436 1207 491 et
1223 449 1240 491 a
1254 431 1340 492 nobis

234 521 263 576 et
287 533 303 576 a
325 513 510 593 praetoribus
535 515 696 590 contentio,
722 519 838 575 utrem
859 531 946 593 posse
968 514 1072 575 confici
1090 531 1150 575 non
1166 514 1338 578 diffiderem.

193 604 212 664 2
233 599 319 661 Nunc
333 601 469 681 quoniam
482 601 522 660 ita
537 599 650 668 accidit,
665 605 698 660 ut
715 616 811 679 neque
825 604 977 678 praetores
990 599 1050 660 suis
1064 599 1168 684 opilius
1179 618 1275 680 neque
1286 619 1340 661 nos

231 691 333 745 nostro
350 685 445 747 studio
461 684 619 764 quidquam
632 684 778 764 prolicere
792 702 955 763 possemus,
967 689 1012 745 est
1022 686 1141 746 omniuo
1152 683 1270 747 difficile
1281 705 1340 746 non

231 771 357 848 graviter
377 770 407 830 id
427 769 521 838 ferre;
544 769 595 832 sed
616 776 714 832 tamen
736 777 854 831 nostros
876 771 990 831 animos
1005 771 1139 831 maximis
1161 772 1192 830 in
1206 769 1297 832 rebus
1312 779 1341 831 et

232 855 369 935 gerendis
390 860 417 915 et
441 854 616 916 sustinendis
631 856 806 916 exercitatos
820 853 916 932 frangi
932 861 961 916 et
976 853 1120 916 debilitari
1133 853 1266 916 molestia
1280 872 1339 917 non

232 947 357 1018 oportet.
394 938 431 1000 Et
448 941 585 1018 quoniam
601 957 635 1000 ea
651 938 857 1002 molestissime
871 939 951 1001 terre
966 939 1100 1001 homines
1120 939 1245 1011 debent,
1266 959 1341 1021 quae

231 1027 364 1105 ipsorum
381 1023 466 1103 culpa
479 1030 629 1086 contracta
644 1030 721 1094 sunt,
738 1032 783 1086 est
798 1023 934 1104 quiddam
951 1025 981 1084 in
996 1024 1052 1086 hac
1063 1043 1097 1086 re
1108 1024 1179 1086 mihi
1190 1023 1341 1087 molestius

233 1109 387 1171 ferendum
405 1127 493 1189 qnam
508 1108 570 1170 tibi.
605 1109 727 1171 Factum
744 1118 788 1172 est
802 1110 880 1171 eninr
895 1127 961 1170 mea
977 1109 1074 1188 culpa,
1091 1115 1192 1170 contra
1208 1129 1295 1189 quam
1309 1118 1341 1172 tu

232 1212 349 1254 mecum
366 1200 394 1254 et
414 1195 605 1273 proficiscens
626 1201 654 1256 et
676 1211 730 1272 per
747 1193 860 1256 litteras
880 1210 999 1271 egeras,
1019 1200 1052 1256 ut
1071 1195 1171 1274 priore
1187 1212 1264 1256 anno
1280 1213 1340 1256 non

232 1278 450 1340 succederetur.
486 1277 571 1349 Quod
592 1297 662 1358 ego,
678 1279 747 1340 dum
769 1278 856 1340 saluti
867 1280 1015 1340 sociorum
1036 1277 1178 1351 consulo,
1197 1281 1267 1341 dum
1285 1281 1339 1340 im·

232 1362 389 1444 pudentiae
404 1361 612 1425 nonnullorum
629 1365 845 1444 negotiatorum
859 1364 975 1434 resisto,
989 1364 1059 1425 dum
1074 1371 1204 1425 nostram
1217 1365 1340 1444 gloriam

233 1456 280 1509 tua
302 1449 409 1509 virtute
429 1450 532 1526 augeri
551 1456 671 1528 expeto,
693 1450 749 1511 leci
770 1467 829 1511 non
844 1451 1008 1528 sapientem
1031 1451 1207 1528 praesertim
1227 1468 1296 1510 cum
1311 1449 1341 1510 id

233 1534 445 1604 commiserim,
472 1541 505 1596 ut
528 1533 577 1596 ille
601 1533 674 1596 alter
701 1552 796 1604 annus
813 1535 899 1596 etiam
919 1534 1039 1595 tertium
1060 1541 1160 1613 posset
1184 1535 1340 1597 adducere.

193 1629 212 1692 3
235 1617 318 1689 Quod
335 1619 471 1698 quoniam
487 1625 641 1698 peccatum
659 1637 757 1682 meum
775 1637 839 1681 esse
857 1619 1008 1690 confiteor,
1024 1626 1070 1681 est
1083 1619 1240 1699 sapientiae
1253 1625 1342 1700 atque

231 1705 421 1766 humanitatis
434 1710 512 1775 tuae,
529 1721 635 1765 curare
652 1712 681 1766 et
698 1706 850 1784 perlicere,
869 1710 902 1764 ut
915 1703 973 1765 hoc
986 1705 1083 1766 minus
1098 1705 1246 1784 sapienter
1260 1721 1277 1764 a
1292 1721 1341 1766 me

232 1789 380 1869 provisum
401 1788 548 1867 diligentia
570 1797 620 1850 tua
641 1790 816 1869 corrigatur.
850 1789 892 1850 Ac
912 1789 937 1849 si
950 1796 981 1850 te
1002 1791 1065 1867 ipse
1087 1789 1289 1870 vehementius
1303 1788 1340 1849 ad

232 1892 334 1935 omnes
350 1881 448 1953 partes
463 1872 540 1934 bene
554 1873 690 1934 audiendi
702 1875 846 1945 excitaris,
859 1891 918 1934 non
930 1881 963 1934 ut
973 1892 1041 1934 cum
1053 1872 1125 1945 aliis,
1138 1874 1190 1934 sed
1201 1880 1234 1934 ut
1244 1880 1341 1935 tecum

231 1961 290 2019 iam
305 1961 369 2038 ipse
384 1967 494 2020 certes:
517 1959 541 2020 si
563 1977 681 2020 omnem
703 1968 784 2020 tuam
798 1967 936 2028 mentem,
954 1947 1065 2029 cursim,
1082 1959 1289 2038 cogitationem
1305 1957 1342 2020 ad

233 2043 402 2105 excellentis
422 2045 452 2103 in
480 2042 617 2104 omnibus
643 2043 733 2105 rebus
759 2042 854 2105 landis
882 2043 1070 2122 cupiditatem
1095 2044 1242 2104 incitaris:
1271 2042 1343 2103 mihi

232 2128 334 2200 crede,
352 2146 428 2189 unus
447 2145 542 2190 annus
556 2128 670 2190 additus
685 2128 780 2190 labori
794 2137 847 2191 tuo
861 2126 1023 2190 multorum
1035 2146 1179 2190 annorum
1202 2126 1341 2190 laetitiam

194 2227 213 2286 4
235 2212 329 2284 nobis,
346 2216 435 2274 immo
450 2232 520 2275 vero
536 2215 622 2275 etiam
635 2215 762 2292 posteris
775 2215 883 2283 nostris
897 2213 1008 2274 afferet,
1042 2213 1228 2293 Quapropter
1241 2214 1299 2275 hoo
1313 2209 1342 2274 te

161 2358 163 2363 .
234 2301 361 2378 primurn
377 2315 459 2377 rogo,
476 2316 514 2361 ne
529 2299 686 2361 contrahas
700 2317 734 2361 ac
747 2298 881 2360 demittas
892 2299 1023 2360 animum
1034 2316 1107 2360 neve
1120 2309 1151 2360 te
1162 2298 1258 2370 obrui,
1270 2304 1343 2360 tam·
1360 2366 1362 2371 .

232 2401 321 2462 quam
345 2384 449 2455 fluctu,
481 2386 522 2445 sic
543 2384 745 2463 magnitudine
765 2385 876 2464 negotii
897 2385 990 2454 sinas,
1013 2392 1175 2464 contraque
1197 2386 1292 2463 erigas
1308 2402 1343 2444 ae

231 2471 351 2531 resistas
371 2470 430 2531 sive
451 2470 537 2530 etiam
559 2467 637 2530 ultro
658 2487 799 2531 occurras
813 2470 948 2549 negotiis.
981 2468 1083 2549 Neque
1098 2469 1176 2529 enim
1200 2469 1342 2542 eiusmodi

230 2562 345 2632 partem
365 2556 410 2615 rei
425 2552 559 2634 publicae
580 2555 674 2633 geris,
697 2555 727 2614 in
744 2554 801 2634 qua
824 2553 941 2614 fortuna
958 2551 1139 2623 dominetur,
1160 2553 1212 2615 sed
1234 2555 1263 2614 in
1285 2572 1343 2632 qua

231 2637 391 2716 plurimum
412 2640 487 2700 ratio
508 2640 600 2717 possit
614 2645 642 2699 et
670 2638 829 2715 diligentia.
869 2638 981 2711 Quodsi
1008 2638 1062 2699 tibi
1086 2636 1197 2699 bellum
1222 2635 1341 2715 aliquod
1450 2707 1452 2712 ,

230 2740 368 2801 magnum
383 2731 412 2784 et
433 2722 633 2802 periculosum
650 2723 862 2785 administranti
881 2730 1074 2803 prorogatum
1091 2721 1249 2802 imperium
1264 2720 1344 2781 ride·

230 2825 310 2877 rem,
338 2815 497 2869 tremerem
523 2806 636 2881 animo,
666 2808 745 2888 quod
772 2808 877 2886 eodem
899 2814 1035 2887 tempore
1060 2825 1124 2869 esse
1148 2803 1344 2885 intelligerem

230 2991 348 3044 decessio
369 2992 454 3044 sehon
476 2993 661 3059 aufgegeben.
688 3020 715 3029 -
742 3011 761 3045 a
812 2992 884 3045 noch
900 2992 947 3045 ein
965 2991 1068 3046 dritten
1085 2991 1158 3045 arech
1173 2990 1344 3044 sichziehen

228 3058 420 3140 praetoribus]
434 3060 479 3112 die
490 3060 536 3112 die
547 3058 761 3116 ProrinzAsien
811 3062 926 3114 lronnte.

229 3144 299 3195 gern
323 3126 446 3195 erledrgt
468 3127 568 3195 sahen,
597 3144 642 3180 um
672 3129 762 3182 selbst
845 3134 871 3195 3,
890 3126 1141 3195 icoc-previsum]
1155 3128 1221 3192 dcc,
1234 3126 1345 3178 masiel
1454 3187 1457 3195 1

227 3195 449 3250 hinzulrommen.
812 3197 901 3249 durch
923 3196 1041 3261 Μακραὶ
1067 3211 1107 3247 ιιι
1133 3194 1259 3259 Vorsicltt
1285 3210 1345 3245 oer-

150 3281 151 3285 ’
215 3263 219 3287 ⁶
262 3266 287 3315 ⁶2.
307 3262 422 3331 opibus]
444 3263 582 3329 Einfluss.
608 3292 639 3301 -
663 3272 762 3316 eontra
813 3265 949 3317 sebuldet.
977 3290 1009 3300 —-
1038 3263 1064 3314 si
1086 3269 1113 3314 te
1137 3290 1167 3300 -
1192 3260 1341 3329 excitaris]

215 3327 327 3398 specum]
342 3332 444 3383 andere
457 3333 512 3397 als,
532 3330 683 3399 eigentlich
702 3333 763 3384 dem
813 3349 896 3384 wenn
909 3332 953 3383 Du
966 3330 1018 3384 mic
1027 3328 1283 3399 „verdoppeltsffl
1294 3328 1352 3382 Iti-1

228 3404 371 3465 entgegen,
389 3400 446 3451 wie.
465 3428 498 3437 -
507 3398 701 3531 proficiscensd
718 3398 761 3451 dei
811 3399 1075 3466 fer(oelcementius)
1085 3398 1244 3450 hinstrebst
1255 3413 1288 3449 zu
1302 3386 1351 3449 el?

228 3467 665 3548 deinerAdreise(oon·Rom).-
704 3468 761 3520 uod
811 3466 857 3519 len
868 3465 1008 3519 Gebieten
1021 3466 1070 3547 fles
1080 3471 1166 3547 guten
1178 3465 1277 3547 linies,
1288 3463 1314 3515 d.
1326 3463 1345 3516 i.

227 3534 760 3667 attmettttdldttiltttlt
810 3534 1345 3665 stillettl‘tttttittttttttdtt':

226 3671 372 3734 rum)dem
384 3669 759 3736 TreibeneinigerWuche-
810 3671 862 3722 suf
886 3669 1056 3736 einzelnen„
1076 3668 1131 3722 wie
1148 3668 1191 3719 Du
1211 3685 1241 3721 es
1259 3666 1346 3720 sehon

226 3755 273 3790 rer
286 3737 475 3791 vielleichtzn
493 3738 558 3791 hart
574 3741 711 3818 entgogen
733 3755 761 3789 e·
811 3738 923 3805 gethan.
1275 3801 1281 3812 ¹

226 3811 330 3872 treteu,
344 3806 390 3859 die
403 3805 533 3859 desshalb
546 3804 653 3857 sowolrl
665 3821 694 3856 m
707 3754 759 3857 cler
842 3808 867 3857 4·
883 3802 1088 3871 contraqueJS.
1099 3819 1124 3857 a.
1137 3804 1153 3865 ς
1168 3805 1208 3854 19.
1233 3802 1343 3868 quedem

226 3873 349 3925 Prorinz
380 3872 422 3926 als
452 3891 486 3925 zu
516 3874 585 3926 Rom
615 3872 664 3924 ilrn
692 3889 758 3925 ver·
810 3872 999 3939 rae-Neque
1011 3869 1101 3937 enim]
1116 3868 1212 3937 Neque
1224 3868 1270 3921 fur
1287 3884 1344 3949 reon

225 3940 365 3995 schrieen.
396 3940 490 3994 Daher
501 3940 580 3995 hatte
592 3940 693 3993 (liceto
705 3941 759 3993 be·
809 3941 849 3993 ist
864 3940 894 3992 in
912 3939 1006 3992 dieser
1023 3940 1077 3991 Art
1093 3937 1200 4005 hinfig,
1219 3952 1264 3989 nm
1280 3953 1344 3989 esne

225 4008 323 4072 wirkt‚
338 4016 370 4061 nt
381 4010 473 4076 priore
483 4026 558 4062 anno
568 4025 624 4061 non
633 4010 759 4061 suecede—
810 4024 912 4075 engere
926 4006 1114 4073 Verbindung
1130 4023 1165 4058 zu
1181 4004 1342 4067 bewirlren3

225 4076 347 4141 retur,b
366 4076 455 4129 kennt
467 4079 544 4142 aber,
558 4077 623 4129 dass
636 4094 667 4129 er
680 4076 759 4129 nicht
809 4092 840 4127 so
857 4075 955 4128 iinmer
973 4092 1007 4128 ne
1029 4090 1064 4127 ue
1087 4091 1156 4127 vero
1179 4073 1236 4124 nnd
1260 4071 1343 4125 meist

225 4095 479 4265 weisehgcielsleqdqllt,
491 4144 581 4263 ιιὲιιιιί
592 4161 623 4197 er
633 4144 758 4264 dqdrsrrgls
808 4159 900 4265 mue
912 4092 1064 4263 tomen‘ldir
1074 4139 1343 4278 nqngegoeqnlcllarffln

225 4228 418 4277 ressone,
456 4229 500 4264 ess
535 4228 758 4295 ssawesenr
867 4226 1205 4282 en-eoemepr
1334 4246 1341 4261 .
