3000 4650
558 285 588 340 h.
604 282 743 341 eminus
759 283 907 343 CAECINA.
1061 343 1065 347 ,
1229 284 1290 350 151
1373 316 1389 347 κ

165 464 288 528 gnaque
303 454 472 508 nostrorum
490 453 659 526 temporum
676 448 817 510 varietate
838 453 991 512 consecuti
1005 469 1117 515 sumus.
1153 452 1206 515 Cui
1221 457 1286 535 qui·
1308 462 1329 523 4

165 531 240 592 dem
255 530 423 592 diunahcni
436 530 494 591 hoc
508 529 576 610 plus
593 531 783 602 confidimus,
813 533 892 612 qnod
907 551 940 594 ea
957 550 1012 595 nos
1026 535 1101 596 nihil
1114 536 1146 598 in
1167 537 1214 599 his
1226 548 1286 603 tam

172 614 307 676 obscuris
318 614 409 676 rebus
419 621 539 692 tamque
550 613 730 694 perturbatis
736 631 869 694 numam
881 618 1001 679 omnino
1011 618 1126 682 ieiellit.
1141 621 1287 695 Dicerem,

165 716 246 777 quae
260 705 328 759 ante
342 700 443 760 lutura
456 699 611 767 dixissem,
633 700 665 758 ni
678 715 816 768 uererer,
833 718 871 761 ne
888 704 1052 763 exerentis
1073 704 1186 783 lingere
1208 708 1288 768 vide·

165 799 230 842 rer.
263 781 321 844 Sed
335 788 435 843 umen
451 781 571 861 plurimi
585 790 655 843 sunt
670 789 761 844 testes
774 801 823 844 mc
838 785 973 858 cliniis,
990 804 1030 847 ne
1047 788 1242 868 coniungeret
1255 809 1288 852 se
1350 852 1353 857 .

167 884 238 928 cum
254 865 393 934 Caesare,
409 866 559 927 monuisse
575 865 766 943 Pompeium,
782 873 813 928 ei
825 875 943 945 postea,
959 887 999 930 ne
1015 871 1199 950 seiungeret:
1216 892 1288 935 con-

164 949 319 1012 iunctione
338 951 434 1027 frangi
461 955 581 1011 senalus
602 967 689 1029 opes,
718 949 916 1013 disiunmione
931 952 1015 1014 civile
1031 952 1143 1016 hellam
1164 958 1287 1019 excitari

166 1032 313 1095 videbam.
335 1034 430 1112 hique
446 1034 552 1096 utebar
566 1033 781 1099 familarissime
797 1034 932 1105 Caesare,
949 1037 1124 1116 Pompeium
1139 1038 1285 1102 faciebam

160 1116 302 1196 plurimi;
325 1117 377 1179 sed
394 1126 458 1179 erat
472 1135 572 1178 meum
587 1115 741 1179 consilium
757 1136 826 1180 cum
841 1118 928 1181 fidele
941 1120 1097 1199 Pompeio,
1128 1130 1192 1185 tum
1207 1124 1285 1185 salu-

165 1208 233 1263 iare
247 1203 374 1280 utrique.
419 1200 500 1271 Quae
518 1207 672 1279 praeterea
692 1201 888 1280 providerim,
912 1212 1078 1282 praetereo.
1107 1206 1184 1267 Nolo
1205 1209 1283 1270 enim
1306 1216 1326 1276 5

167 1283 248 1347 hunc
269 1286 306 1348 de
327 1303 375 1347 rne
397 1289 508 1363 optimc
527 1285 665 1347 meritum
680 1286 848 1348 existimare
880 1305 914 1348 ea
929 1306 978 1348 me
993 1289 1119 1351 suasisse
1132 1287 1284 1370 Pompeio,

166 1368 277 1448 quihus
292 1369 377 1431 illesi
391 1370 546 1448 paruisset,
563 1375 641 1431 esset
654 1368 703 1430 hia
718 1369 837 1449 quidem
854 1369 951 1432 clarus
965 1373 997 1432 in
1014 1379 1081 1452 toga
1094 1380 1124 1434 et
1132 1376 1285 1455 princeps,

167 1452 220 1514 sed
243 1458 338 1516 tantas
361 1471 447 1531 opes,
478 1461 602 1533 quantas
616 1470 696 1515 nunc
711 1453 815 1525 habet,
846 1472 907 1516 non
921 1453 1055 1517 haherei.
1099 1456 1238 1519 llnndum
1255 1461 1286 1520 ia

167 1536 338 1616 Hispaniam
355 1539 472 1599 censui:
503 1538 625 1617 quodsi
644 1536 774 1606 lecisset,
795 1537 881 1598 civile
896 1536 1008 1600 hellam
1034 1538 1149 1601 nullum
1165 1543 1287 1602 omnino

167 1619 280 1682 fuisset.
303 1621 457 1684 Rationem
471 1621 577 1684 haberi
591 1620 720 1682 absentis
732 1638 793 1681 non
807 1627 867 1683 tam
882 1623 1011 1700 pugnavi
1024 1631 1057 1683 ut
1068 1621 1182 1694 liceret,
1196 1643 1287 1705 quam

167 1711 216 1776 ut,
244 1707 382 1783 quoniam
402 1707 468 1784 ipso
490 1704 612 1766 consule
630 1712 782 1783 pugnante
795 1704 924 1784 populns
939 1707 1081 1774 iusserat,
1113 1707 1284 1769 haberetur.

168 1788 261 1850 Causa
277 1797 341 1850 orta
355 1788 425 1852 belli
439 1796 491 1850 est.
526 1788 602 1861 Quid
618 1805 672 1868 ego
688 1791 876 1868 praetermisi
891 1796 941 1851 aut
955 1790 1136 1851 monitorum
1147 1800 1197 1852 aut
1213 1809 1286 1871 que·

199 1957 225 2006 4.
250 1956 410 2008 ea'eoesaiis
426 1953 551 2022 flauere]
574 1955 615 2007 Es
639 1970 701 2008 war
753 1954 1285 2023 unddsrllr'steimslaatsgevrorden

167 2020 316 2076 alsoAlles
329 2039 360 2074 so
371 2022 571 2090 eingetroffen,
584 2021 639 2074 wie
650 2019 699 2074 ci-
751 2021 827 2087 sein,
847 2023 916 2074 aber
933 2022 1013 2076 nicht
1028 2034 1059 2074 sc
1112 2039 1175 2076 osse
1187 2022 1286 2076 Mecht

168 2105 233 2141 cero
258 2106 288 2141 es
316 2089 532 2157 vcrhergesagt.
569 2089 612 2141 Zn
636 2089 698 2142 dem
750 2088 857 2154 haben,
880 2087 935 2141 wie
953 2106 985 2141 er
998 2089 1073 2155 jerat
1107 2089 1285 2143 rsa-Ean-

166 2155 331 2222 Folgenden
348 2157 404 2224 vgl.
422 2156 495 2209 Phil.
509 2156 546 2209 11.
570 2160 610 2208 10.
637 2155 698 2220 Epo
751 2154 1143 2222 dam.aenaai]0aesarhstie
1154 2156 1284 2210 disFor·

166 2221 209 2275 Μ.
227 2223 329 2274 Bibulo
346 2223 459 2276 consule
480 2222 554 2275 nihil
573 2229 699 2303 praeter·
750 2223 862 2289 dernng
871 2222 1002 2290 gestulii,
1015 2223 1081 2278 dass
1092 2224 1244 2292 Pompeias
1253 2223 1284 2274 in

166 2289 243 2355 misi,
261 2296 399 2357 quautam
409 2291 502 2356 faeere
513 2289 701 2359 eaitrpaepo-
748 2289 1287 2358 seiueProrinagehensells.—Ratio-
1340 2311 1343 2316 ·

165 2356 223 2420 iai,
248 2357 318 2420 auia
340 2358 501 2425 Pompeiam
524 2375 542 2409 a
566 2357 697 2410 Caesaris
748 2374 811 2409 esem
830 2356 943 2425 haberi]
967 2357 1167 2411 Prriherhatie
1180 2358 1284 2411 Cicero

166 2422 361 2477 coniunctione
385 2441 529 2477 evocarem
545 2462 553 2476 .
572 2462 578 2477 .
595 2425 697 2476 Postea
748 2424 900 2492 gataihan,
918 2441 983 2476 man
1000 2424 1071 2477 solie
1084 2425 1192 2478 Caesar
1204 2425 1285 2478 nicht

166 2506 231 2542 acro
243 2507 327 2557 paam
338 2497 464 2544 sciolum
473 2489 698 2559 Pompeiascae-
769 2497 906 2556 estatten,
925 2491 984 2543 sich
1003 2492 1155 2545 abwesend
1168 2508 1213 2543 nm
1232 2492 1284 2544 das

166 2558 228 2609 sari
250 2557 385 2610 tradidit:
409 2558 478 2625 qaid
499 2560 645 2624 apsiliam
661 2560 696 2611 ah
748 2510 937 2612 {casulatus
950 2559 1112 2612 bewerben.
1130 2558 1284 2639 Pompeius

166 2640 197 2676 ea
209 2623 367 2677 distrahere
378 2626 515 2678 conarer?
537 2626 625 2678 stoici
635 2632 698 2677 erat
748 2626 817 2679 liess
830 2625 933 2692 jedoch
945 2626 1054 2678 cessar
1066 2624 1117 2678 das
1130 2624 1283 2693 Prirrlegi-

166 2707 293 2759 sperare:
307 2694 426 2744 saedere
438 2693 475 2744 iar
495 2693 618 2745 adeatis.
630 2692 696 2746 Duo
749 2710 795 2747 um
811 2707 847 2745 nu
864 2691 948 2745 'l'hsil
965 2693 1096 2757 werden,
1120 2691 1229 2745 rnechte
1252 2709 1283 2745 es

165 2766 259 2810 tamea
270 2765 395 2826 tempora
406 2760 464 2811 iaci
485 2766 582 2825 marat,
596 2760 697 2826 pauidas
750 2762 819 2813 aber
831 2759 940 2813 wieder
948 2758 1115 2813 illusorisch
1127 2759 1218 2812 durch
1235 2759 1283 2811 ein

165 2826 275 2894 aliquid
290 2832 389 2877 eontra
406 2827 553 2880 Caesarem
568 2827 698 2895 Pompeio
749 2843 806 2879 von
829 2826 885 2878 ihm
908 2825 939 2879 in
963 2826 1125 2879 dernselhen
1141 2825 1228 2879 Jahrs
1250 2829 1284 2878 52

166 2893 322 2945 suaserim.
337 2934 343 2947 .
358 2933 365 2945 .
379 2909 468 2947 arram
484 2911 520 2946 ree
542 2894 699 2963 quiaquan-
750 2894 909 2963 gegebenes
930 2894 1036 2945 Gesetn
1057 2895 1091 2945 de
1116 2893 1180 2945 iare
1195 2893 1285 2958 mapi-

166 2959 208 3011 aii
224 2960 370 3027 imperium
382 2961 499 3013 Caesari
513 2967 696 3029 proreperet:
750 2967 906 3025 stratuum,
924 2959 1042 3013 wonach
1059 2959 1202 3012 Niemand
1223 2958 1284 3011 sich

165 3027 298 3092 alteram,
312 3043 347 3079 sse
357 3034 503 3095 pateretur
512 3028 592 3095 ferri,
607 3035 640 3081 at
651 3029 699 3080 ah·
752 3027 905 3083 abwesend
921 3044 966 3079 nm
984 3027 1031 3078 ein
1048 3027 1114 3079 Arni
1128 3027 1282 3080 bewerben

165 3094 252 3147 seniis
268 3093 329 3147 eiua
347 3096 421 3148 ratio
436 3096 597 3148 haberetur.
622 3096 699 3160 Quo·
754 3095 861 3149 durfte.
885 3094 1023 3161 Dagegen
1047 3093 1134 3146 erhob
1152 3092 1212 3145 sich
1230 3093 1283 3146 der

165 3176 228 3213 rarn
240 3161 265 3211 si
276 3163 415 3214 utramvis
432 3163 648 3230 persuasissem,
665 3162 697 3216 ira
747 3160 862 3216 Tribnn
878 3161 917 3214 Μ.
936 3160 1052 3213 Coelius
1070 3160 1200 3213 mildens
1225 3158 1284 3211 hn-

165 3228 218 3278 hes
241 3228 369 3280 miserias
388 3244 534 3297 uunquam
550 3230 697 3283 incidisse·
748 3237 847 3297 trega,
865 3228 931 3281 dass
950 3228 1060 3280 Caesar
1076 3244 1132 3279 von
1150 3227 1213 3279 dem
1225 3228 1286 3280 Ge·

165 3309 237 3345 mas.
271 3294 540 3363 Arcesilaum,
565 3297 696 3350 narniam
749 3303 828 3350 setes
849 3310 1067 3365 ausgenomrnen
1089 3293 1200 3355 werde,
1225 3292 1286 3346 and

166 3378 182 3411 o
203 3376 231 3412 aa
252 3376 362 3426 omnes,
384 3369 411 3413 et
433 3380 519 3429 suaa,
544 3371 571 3415 ei
594 3363 696 3433 'populi
747 3365 817 3417 Pom
839 3363 902 3429 ejus
921 3361 1025 3426 selbst,
1050 3361 1103 3413 der
1124 3359 1184 3411 sich
1206 3358 1287 3411 nicht

193 3428 297 3492 aaroni,
323 3428 471 3495 Pompeius
493 3431 532 3481 ad
550 3430 696 3483 Gaesarem
747 3438 812 3485 star
852 3443 946 3496 genng
960 3444 1023 3479 earn
1040 3426 1112 3479 Kam
1136 3427 1164 3479 ie
1181 3424 1284 3492 finite,

166 3495 695 3563 detulisset..paais,concordiae,eom-
748 3494 1100 3562 versicherte‚nurdurch
1136 3508 1286 3611 ergosecu-

163 3560 425 3630 positiorriraaotor
441 3578 500 3615 esse
516 3564 695 3629 scudasia,
749 3565 812 3618 hait
840 3562 884 3617 sei
906 3579 937 3615 es
962 3562 1138 3628 gekornmsn,
1182 3577 1286 3612 asser

164 3628 355 3761 erraris
369 3646 423 3748 a
447 3636 488 3711 ‘⁸'-
586 3631 696 3749 ai‘r
749 3632 832 3750 ir
848 3625 1287 3761 irruauu‘uuur‘

357 3714 697 3763 ‚omes,cm.ae-
748 3714 941 3752 sconrne
1274 3724 1286 3733 ·

164 3714 462 3818 saresocietatemaae
472 3765 697 3832 nunquameois·
750 3783 827 3819 men.
861 3763 942 3815 Auch
965 3761 1067 3815 Cicero
1093 3760 1285 3815 anierstritats

164 3846 220 3895 ses,
234 3836 287 3882 aui
298 3846 444 3897 nunquam
456 3831 642 3885 diremisseel’
745 3834 826 3901 jerat
847 3832 902 3884 den
923 3830 1043 3897 Antrag.
1072 3828 1134 3881 Ast.
1146 3827 1211 3880 VII.
1224 3830 1249 3880 1.
1257 3830 1285 3879 4.

758 3900 795 3953 lli
806 3898 850 3952 illi
861 3899 912 3951 lroe
923 3897 1029 3962 liceret,
1042 3894 1156 3958 adiuvi,
1169 3901 1288 3975 ruputas

198 3967 222 4016 5.
235 3962 327 4083 huno)
343 3963 406 4015 scil.
418 3964 578 4018 Caesarem.
588 3992 622 4003 -·
635 3965 697 4047 qai·
749 3967 806 4019 ahi
825 3964 1062 4018 sollaoeaaaede
1071 3962 1163 4014 Coelio
1172 3962 1286 4013 traiano

164 4030 216 4083 das
238 4032 286 4083 illa
330 4028 439 4099 admei]
467 4032 527 4085 Der
550 4031 621 4085 Sino
642 4037 695 4085 raia
748 4051 773 4102 p
820 4034 850 4085 'a
890 4031 933 4083 llr
962 4029 1060 4083 wallis
1088 4028 1287 4082 Schlimmeres

164 4097 256 4151 Wean
270 4098 356 4165 jener
372 4097 498 4165 (Pomp.)
510 4100 627 4152 meinsm
638 4100 698 4152 lis-
753 4095 1287 4157 verhritsn.DemGeseteerrurdeeine

164 4163 211 4217 the
234 4165 344 4234 gelolgt
366 4166 458 4233 wire,
480 4165 578 4219 wdrde
600 4166 695 4220 dieser
750 4165 871 4220 Clausal
887 4181 923 4218 aa
941 4166 1073 4217 Gnusten
1091 4160 1288 4216 Caesarshei·

164 4228 297 4299 (Caesar)
321 4232 393 4287 auch
412 4233 451 4286 im
467 4231 592 4287 Frieden
613 4250 694 4301 grass
752 4233 864 4303 gerigs.
