3000 4650
250 251 312 317 198
628 257 687 312 tn.
705 256 757 312 ιιιι.
772 255 876 312 artsr.
893 257 935 308 ιι.
951 257 991 309 1e.

246 422 376 500 cognita:
393 422 444 482 sed
459 420 573 482 senatui
589 422 700 480 maiora
717 422 777 480 visa
790 427 874 487 sunt,
891 435 979 495 quam
994 425 1079 494 erant
1095 426 1277 497 exspectata3
1295 438 1359 481 non

165 535 180 562 ι
245 523 304 584 quo
318 523 448 585 unquam
463 506 500 566 de
514 511 564 566 tna
577 503 729 565 voluntate
747 503 922 570 dubitasset,
943 502 996 563 sed
1019 518 1076 562 uec
1096 510 1240 579 quantum
1259 505 1360 565 facere

204 595 223 654 2
246 607 349 668 posses
364 607 418 650 neo
431 589 532 667 quoad
547 589 688 666 progredi
703 586 805 656 velles,
822 585 1005 663 exploratum
1016 588 1086 646 satis
1096 585 1233 648 habebut.
1256 587 1359 666 ltaque

249 692 316 734 cum
333 691 358 733 a.
375 673 402 733 d.
418 688 479 734 ιιιι.
513 672 581 733 Idus
597 671 712 752 Apriles
733 689 820 732 mane
842 670 914 730 milri
932 676 998 751 tuas
1017 668 1129 730 litteras
1144 671 1182 732 ll.
1197 672 1358 733 Varisidius

245 757 421 819 reddidisset
437 773 546 834 easque
560 756 711 832 legissem,
727 753 894 815 incredibili
908 753 1015 830 gaudio
1029 771 1095 814 sum
1107 754 1216 824 elatus;
1232 773 1359 834 eumque

245 857 352 919 magna
368 839 524 902 multitudo
540 841 718 919 optimorum
733 839 864 900 virorum
878 845 908 898 et
923 838 1030 898 civium
1049 855 1096 898 me
1114 838 1255 916 dedomo
1266 839 1359 900 dedn-

246 933 342 995 oeret,
366 924 423 985 feei
438 925 577 984 continno
593 941 697 984 omnes
712 924 871 1001 participes
886 920 1155 998 meae'volnptatis.
1184 922 1305 984 Interim
1320 923 1359 983 ad

246 1027 295 1070 me
323 1011 402 1068 venit
426 1007 573 1068 Munatius
598 1013 714 1076 noster,
742 1013 776 1066 ut
790 1013 959 1073 consuerat:
987 1013 1016 1064 at
1037 1021 1092 1081 ego
1107 1007 1135 1065 ei
1149 1005 1262 1068 litteras
1275 1014 1357 1075 tnas;

155 1089 159 1096 ’
245 1092 390 1152 nihildum
407 1092 486 1153 enim
505 1090 625 1151 sciebat.
655 1089 729 1150 Nam
744 1090 781 1151 ed
800 1107 848 1150 me
864 1090 992 1167 primum
1007 1088 1182 1158 Varisidius,
1198 1090 1287 1169 idque
1301 1091 1358 1162 sibi

247 1194 264 1236 a
285 1184 315 1237 te
340 1175 510 1235 mandatum
525 1191 588 1234 esse
604 1173 731 1234 dicebat.
761 1173 864 1234 Paullo
881 1180 947 1249 post
961 1172 1041 1233 idem
1057 1173 1128 1232 milii
1146 1172 1292 1234 Munatius
1307 1193 1357 1235 eas

246 1258 359 1320 litteras
373 1257 512 1336 legendas
528 1257 622 1324 dedit,
651 1275 723 1333 quas
748 1257 804 1333 ipsi
828 1260 968 1326 miseras,
999 1263 1106 1325 eteas,
1139 1275 1213 1336 quas
1226 1258 1356 1335 publice.

207 1348 226 1409 3
248 1341 361 1404 Placuit
377 1339 476 1412 nobis,
496 1348 529 1401 nt
547 1344 644 1401 statim
661 1341 698 1401 ad
716 1342 879 1402 Cornutum
896 1347 1064 1418 praetorem
1082 1340 1229 1401 urbanum
1245 1341 1358 1403 litteras

245 1425 441 1495 deferremus,
467 1426 535 1503 qui,
564 1424 641 1503 quod
661 1424 797 1485 eonsules
811 1425 948 1492 aberent,
971 1422 1127 1484 consulare
1144 1443 1254 1485 munus
1270 1428 1358 1487 susti-

243 1508 333 1569 nebat
347 1526 431 1569 more
445 1510 599 1570 maiorum.
627 1508 752 1568 Senatus
767 1515 811 1568 est
820 1508 958 1567 continuo
971 1517 1148 1568 convocatus
1158 1509 1358 1588 frequensque

245 1593 382 1653 conuenit
401 1599 524 1671 propter
544 1593 651 1652 famem
672 1601 760 1670 atque
782 1593 1029 1670 exspectationem
1048 1599 1166 1652 tuarum
1183 1591 1356 1654 litterarum.

244 1676 383 1738 Recitatis
402 1675 510 1736 litteris
535 1675 632 1736 oblata
652 1675 756 1752 religio
772 1674 902 1735 Cornuto
922 1682 967 1735 est
986 1674 1181 1751 pullariorum
1196 1677 1355 1746 admonitu,

244 1775 305 1820 non
320 1761 390 1821 satis
404 1759 559 1837 diligenter
574 1777 640 1820 enm
659 1759 797 1837 auspiciis
811 1777 933 1836 operam
954 1757 1085 1827 dedisse
1108 1760 1198 1838 idque
1218 1779 1235 1820 a
1255 1768 1356 1821 nostro

245 1842 367 1921 collegio
383 1843 607 1922 comprobatum
622 1852 675 1904 est.
707 1843 809 1922 ltaque
831 1861 881 1904 res
901 1842 987 1903 dilata
1009 1851 1054 1903 est
1074 1846 1106 1903 in
1121 1851 1282 1920 posterum.
1312 1845 1356 1904 Eo

244 1936 342 1988 autem
367 1927 413 1988 die
439 1945 544 2004 magna
571 1925 643 1988 mihi
662 1944 716 2004 pro
737 1935 788 1987 tua
810 1927 948 2003 dignitate
968 1929 1117 1988 contentio
1133 1946 1199 1988 cnm
1216 1928 1355 1997 Semili03

244 2013 294 2088 qni
318 2013 497 2088 cumgratia
519 2011 676 2079 effecisset,
704 2018 737 2070 ut
758 2028 810 2070 sua
830 2011 974 2071 sententia
989 2011 1084 2088 prima
1105 2014 1355 2088 pronuntiaretur,

199 2160 206 2180 ι
243 2094 383 2175 frequens
399 2114 466 2156 eum
482 2105 600 2155 senatus
615 2094 733 2173 reliquit
748 2102 778 2154 et
796 2095 827 2152 in
842 2093 897 2154 alia
917 2096 1015 2154 omnia
1042 2095 1189 2163 discessit;
1216 2114 1358 2174 meaeque

244 2180 421 2246 sententiae,
449 2195 524 2257 quae
540 2178 668 2238 secunda
681 2180 867 2256 pronuntiata
884 2184 960 2246 erat,
988 2195 1055 2237 enm
1071 2179 1242 2255 frequenter
1257 2197 1355 2240 assen-

204 2267 225 2327 4
246 2261 351 2321 tiretur
372 2272 505 2331 senatus,
532 2263 638 2339 rogatu
653 2261 767 2323 Servilii
779 2261 811 2321 P.
828 2262 922 2323 Titius
936 2263 1110 2323 intercessit.
1142 2262 1200 2323 Res
1215 2263 1244 2323 in
1259 2272 1357 2342 poste·

244 2359 310 2405 rum
327 2340 423 2407 dilata.
455 2346 541 2406 Venit
564 2354 685 2425 paratus
712 2346 866 2415 Servilius,
893 2346 952 2405 lovi
977 2348 1033 2423 ipsi
1058 2346 1189 2425 iniquus,
1219 2349 1302 2408 cuius
1326 2350 1358 2407 in

243 2428 354 2507 templo
377 2447 426 2489 res
454 2429 606 2507 agebatur.
645 2430 731 2490 Hunc
758 2430 1007 2509 quemadmodum
1028 2432 1170 2507 fregerim
1191 2441 1357 2511 quantaque

244 2514 430 2576 contentione
447 2514 556 2575 'fitium
570 2516 799 2575 intercessorem
813 2513 988 2583 abiecerim,
1009 2532 1047 2575 ex
1069 2514 1194 2575 eliorum
1208 2522 1238 2575 te
1253 2514 1358 2577 litteris

278 2667 302 2714 2.
328 2665 407 2715 domo
431 2662 593 2729 deduceret]
617 2664 644 2715 d.
668 2662 685 2715 ἱ.
708 2664 778 2715 tetm
828 2662 955 2715 Einflnss
979 2664 1027 2715 bei
1050 2663 1194 2717 Cornutus
1218 2664 1357 2733 durchge—

244 2730 775 2797 Ausqelleutepleitete.-Munati'us]
829 2737 916 2794 setzt,
942 2731 1007 2783 dass
1031 2730 1102 2782 fiber
1126 2732 1222 2783 seinen
1247 2732 1357 2798 Antrag

245 2796 280 2848 T.
294 2796 440 2849 Munatius
453 2814 514 2849 tuat
526 2797 572 2849 ein
585 2798 775 2849 Verwandter
828 2804 926 2849 znerst
955 2815 1016 2849 vom
1045 2798 1150 2851 Senete
1180 2798 1358 2865 eligestirnmt

208 2882 216 2893 ⁸
245 2862 295 2915 des
308 2864 440 2916 Plancus.
455 2894 486 2903 -
500 2866 610 2917 litteras
622 2864 698 2931 tuas]
713 2865 776 2916 scil.
828 2864 938 2916 wurde.
949 2892 981 2901 -·
994 2866 1026 2915 iu
1039 2865 1098 2915 ulia
1111 2867 1204 2917 omniu
1218 2864 1354 2930 discessit]

244 2929 379 2995 legendas
401 2932 476 2985 dedi.
493 2960 526 2969 -
543 2932 631 2999 idem]
657 2934 686 2985 S.
709 2948 734 2983 z.
753 2934 774 2984 Ι.
827 2932 921 2983 VVeun
951 2931 998 2983 die
1027 2932 1174 2984 einzelnen
1198 2934 1355 2999 Senatoreu

246 2998 286 3047 18.
299 3002 340 3049 30.
828 2998 998 3050 sententiam
1027 3000 1122 3065 rogati
1150 3000 1211 3051 ihre
1240 2998 1357 3051 Ansicht

278 3068 302 3115 3.
327 3063 509 3181 Οονιιιιτιιιηέἶ
526 3064 708 3117 AlsPreetor
727 3082 776 3117 ur·
827 3065 899 3116 tiber
923 3065 976 3116 den
1002 3066 1185 3131 Gegenstend
1209 3066 1261 3117 der
1284 3067 1355 3118 Ver-

243 3130 334 3181 banus
351 3146 412 3181 war
429 3131 468 3181 M.
512 3139 631 3183 ornntus
654 3132 776 3184 beiAb-
827 3130 972 3198 haudlung
990 3134 1217 3200 arisgesprochen
1235 3133 1294 3185 und
1311 3133 1355 3185 die

244 3196 400 3248 wesenheit
429 3198 480 3249 der
510 3198 592 3250 Coss.
623 3199 674 3251 der
699 3205 776 3251 erste
828 3199 919 3251 Sache
937 3198 1175 3251 zurAbstimmun
1214 3199 1273 3251 reif
1287 3216 1354 3263 war,

244 3262 359 3315 Beamte
370 3263 399 3315 in
412 3264 563 3318 derStndt.
571 3266 772 3331 -odlatu.est]
828 3264 903 3331 legte
916 3265 1167 3319 der-Vorsitzende
1178 3217 1241 3319 lem
1252 3269 1354 3319 Senate

243 3332 570 3397 wurdevorgeleulten.—
576 3332 777 3400 pullariorum]
828 3332 911 3383 einen
929 3332 981 3384 der
997 3334 1150 3398 gestellten
1162 3334 1287 3401 Antrdge
1305 3350 1354 3385 vor

242 3397 573 3451 DiePulluriierkliirten
584 3400 643 3452 also
654 3416 704 3451 aus
715 3401 777 3451 dent
827 3398 878 3451 mit
889 3399 943 3452 den
954 3400 1085 3451 Worten:
1098 3402 1147 3467 qui
1158 3402 1226 3452 leaeo
1237 3402 1354 3464 sentitis,

243 3465 368 3517 Fressen
378 3465 429 3517 der
438 3466 502 3517 heil.
515 3468 640 3529 Hirtium,
654 3466 720 3518 dass
729 3466 776 3518 bei
827 3466 857 3517 in
875 3466 949 3517 hune
965 3474 1086 3533 purtem,
1110 3468 1160 3535 qui
1177 3469 1236 3519 ulia
1253 3468 1352 3529 omniu,

244 3532 299 3583 den
311 3530 481 3600 Auspicien,
500 3534 610 3586 dieder
627 3534 777 3601 Berufnng
827 3533 858 3583 iu
870 3534 949 3585 illam
960 3542 1068 3601 perteue
1091 3536 1144 3598 tte,
1170 3536 1285 3587 wurauf
1300 3534 1355 3585 die-

245 3598 294 3650 des
307 3599 427 3652 Senates
440 3602 619 3667 vorungelaen
640 3609 774 3667 mnssten,
826 3600 955 3667 jenigen‚
974 3600 1020 3653 die
1038 3600 1086 3653 fiir
1104 3602 1157 3655 den
1174 3603 1285 3669 Antreg
1296 3617 1354 3653 wtt-

243 3682 297 3716 von
305 3666 449 3729 Cornutus
460 3668 506 3719 ein
516 3667 618 3719 Fehler
626 3668 775 3735 begangen
826 3684 876 3719 ren
891 3669 945 3719 auf
954 3668 999 3719 die
1016 3668 1079 3720 eine
1092 3669 1170 3721 Seite
1180 3675 1291 3729 treten,
1310 3668 1354 3719 die

243 3732 370 3785 worden.
395 3733 453 3783 Das
472 3733 774 3801 Anguem-Collegium,
826 3735 1354 3801 degegenwarenundalsoalinuutuiu

244 3807 329 3851 unter
353 3800 449 3851 diesen
475 3802 545 3852 aucit
562 3801 676 3865 Cicero,
696 3803 774 3855 hatte
828 3804 993 3865 sentiebant,
1008 3802 1354 3856 aufdieandere.—·Ti-

245 3866 318 3917 dann
337 3865 408 3918 tiber
426 3866 471 3918 die
485 3868 574 3920 Socho
587 3884 622 3921 zu
635 3870 775 3922 entschei-
825 3870 884 3921 tius
896 3868 1011 3935 intere]
1026 3868 1084 3920 uin
1102 3871 1221 3923 anderes
1231 3869 1354 3938 Beispiel

244 3932 306 3984 den.
322 3962 353 3971 -
365 3951 426 3985 eum
438 3934 570 4003 Servilio]
586 3936 618 3987 P.
632 3936 773 3988 Servilius
825 3936 876 3988 der
894 3936 1087 3989 Intercession
1112 3937 1190 4004 eines
1214 3938 1357 3992 Velkstri-

242 4000 328 4051 Vatia
339 3999 494 4065 Isauricus,
508 4002 573 4055 Cos.
583 4004 612 4055 d.
621 4003 647 4055 J.
656 4007 698 4067 48,
712 4020 773 4055 wer
824 4002 919 4055 bnnen
932 4020 953 4055 s.
967 4003 1004 4055 tt.
1018 4008 1059 4057 13.
1071 4008 1097 4055 4.
1159 4004 1164 4014 ’

244 4082 334 4130 gegen
348 4060 469 4119 Plancus
483 4069 636 4136 feindselig
648 4070 772 4137 gesinnt.
857 4075 883 4122 4.
911 4071 987 4137 lovi]
1009 4072 1182 4139 Capitolino.
1205 4071 1256 4123 Bei
1275 4073 1353 4125 einer
1397 4133 1401 4137 ⁸

244 4130 774 4189 Ertrauteihmtvehrscheinlichnicht
824 4138 1120 4191 ausserordentlielren
1137 4138 1353 4207 Senatssitzung

245 4197 301 4248 und
315 4197 392 4251 hatte
406 4217 434 4253 es
446 4201 533 4255 durch
543 4202 639 4256 seinen
653 4220 772 4271 grossen
822 4202 901 4257 hatte
920 4205 971 4257 der
994 4206 1152 4258 berufende
1170 4204 1285 4259 Beemte
1303 4208 1352 4260 das
