<?xml version="1.0" encoding="UTF-8"?>
<!DOCTYPE html PUBLIC "-//W3C//DTD XHTML 1.0 Transitional//EN"
    "http://www.w3.org/TR/xhtml1/DTD/xhtml1-transitional.dtd">
<html xmlns="http://www.w3.org/1999/xhtml" xml:lang="en" lang="en">
 <head>
  <title>
</title>
<meta http-equiv="Content-Type" content="text/html;charset=utf-8" />
  <meta name='ocr-system' content='tesseract 3.04.00' />
  <meta name='ocr-capabilities' content='ocr_page ocr_carea ocr_par ocr_line ocrx_word'/>
</head>
<body>
  <div class='ocr_page' id='page_1' title='image "ausgewhltebrief00freygoog_0063.png"; bbox 0 0 3000 4650; ppageno 0'>
   <div class='ocr_carea' id='block_1_1' title="bbox 541 225 1258 301">
    <p class='ocr_par' dir='ltr' id='par_1_1' title="bbox 541 225 1258 301">
     <span class='ocr_line' id='line_1_1' title="bbox 541 225 1258 301; baseline 0.001 -13"><span class='ocrx_word' id='word_1_1' title='bbox 541 231 570 301; x_wconf 78' lang='lat' dir='ltr'>Q.</span> <span class='ocrx_word' id='word_1_2' title='bbox 587 231 724 288; x_wconf 77' lang='lat' dir='ltr'>TULLIUS</span> <span class='ocrx_word' id='word_1_3' title='bbox 739 231 862 289; x_wconf 76' lang='lat' dir='ltr'>ulduno.</span> <span class='ocrx_word' id='word_1_4' title='bbox 1105 233 1107 239; x_wconf 85' lang='lat'>&#39;</span> <span class='ocrx_word' id='word_1_5' title='bbox 1215 225 1258 289; x_wconf 84' lang='lat'>49</span> 
     </span>
    </p>
   </div>
   <div class='ocr_carea' id='block_1_2' title="bbox 147 371 1320 1574">
    <p class='ocr_par' dir='ltr' id='par_1_2' title="bbox 147 371 1320 1574">
     <span class='ocr_line' id='line_1_2' title="bbox 232 371 1318 476; baseline 0.002 -20"><span class='ocrx_word' id='word_1_6' title='bbox 232 392 312 457; x_wconf 90' lang='lat' dir='ltr'>Vlll.</span> <span class='ocrx_word' id='word_1_7' title='bbox 327 395 421 476; x_wconf 80' lang='lat' dir='ltr'>Cyrus</span> <span class='ocrx_word' id='word_1_8' title='bbox 432 395 480 458; x_wconf 90' lang='lat' dir='ltr'>ille</span> <span class='ocrx_word' id='word_1_9' title='bbox 496 415 511 457; x_wconf 91' lang='lat' dir='ltr'>a</span> <span class='ocrx_word' id='word_1_10' title='bbox 524 371 719 474; x_wconf 76' lang='lat' dir='ltr'>Xenophonte</span> <span class='ocrx_word' id='word_1_11' title='bbox 736 414 795 456; x_wconf 90' lang='lat' dir='ltr'>uon</span> <span class='ocrx_word' id='word_1_12' title='bbox 811 401 845 457; x_wconf 90' lang='lat' dir='ltr'>ad</span> <span class='ocrx_word' id='word_1_13' title='bbox 861 397 999 458; x_wconf 78' lang='lat' dir='ltr'><strong>historiae</strong></span> <span class='ocrx_word' id='word_1_14' title='bbox 1016 395 1105 456; x_wconf 88' lang='lat' dir='ltr'>fidem</span> <span class='ocrx_word' id='word_1_15' title='bbox 1118 397 1254 474; x_wconf 86' lang='lat' dir='ltr'>scriptus,</span> <span class='ocrx_word' id='word_1_16' title='bbox 1264 402 1318 476; x_wconf 63' lang='lat'>(23</span> 
     </span>
     <span class='ocr_line' id='line_1_3' title="bbox 147 478 1221 560; baseline 0.003 -21"><span class='ocrx_word' id='word_1_17' title='bbox 147 479 198 540; x_wconf 90' lang='lat' dir='ltr'>sed</span> <span class='ocrx_word' id='word_1_18' title='bbox 218 481 254 540; x_wconf 92' lang='lat' dir='ltr'>ad</span> <span class='ocrx_word' id='word_1_19' title='bbox 277 481 405 558; x_wconf 84' lang='lat' dir='ltr'>effigiem</span> <span class='ocrx_word' id='word_1_20' title='bbox 425 481 493 543; x_wconf 88' lang='lat' dir='ltr'>iusti</span> <span class='ocrx_word' id='word_1_21' title='bbox 514 481 643 560; x_wconf 90' lang='lat' dir='ltr'>imperii,</span> <span class='ocrx_word' id='word_1_22' title='bbox 666 482 748 541; x_wconf 91' lang='lat' dir='ltr'>ouius</span> <span class='ocrx_word' id='word_1_23' title='bbox 769 497 883 541; x_wconf 85' lang='lat' dir='ltr'>summa</span> <span class='ocrx_word' id='word_1_24' title='bbox 904 481 1030 558; x_wconf 81' lang='lat' dir='ltr'>gravitas</span> <span class='ocrx_word' id='word_1_25' title='bbox 1045 479 1082 541; x_wconf 90' lang='lat' dir='ltr'>ab</span> <span class='ocrx_word' id='word_1_26' title='bbox 1096 478 1145 540; x_wconf 92' lang='lat' dir='ltr'>illo</span> <span class='ocrx_word' id='word_1_27' title='bbox 1159 480 1221 559; x_wconf 92' lang='lat' dir='ltr'>phil</span> 
     </span>
     <span class='ocr_line' id='line_1_4' title="bbox 147 482 1266 710; baseline 0.002 -87"><span class='ocrx_word' id='word_1_28' title='bbox 147 565 241 643; x_wconf 89' lang='lat' dir='ltr'>sopho</span> <span class='ocrx_word' id='word_1_29' title='bbox 260 583 327 626; x_wconf 88' lang='lat' dir='ltr'>cum</span> <span class='ocrx_word' id='word_1_30' title='bbox 345 564 486 643; x_wconf 84' lang='lat' dir='ltr'>singulari</span> <span class='ocrx_word' id='word_1_31' title='bbox 501 567 637 626; x_wconf 89' lang='lat' dir='ltr'>comitate</span> <span class='ocrx_word' id='word_1_32' title='bbox 652 565 855 642; x_wconf 85' lang='lat' dir='ltr'>coniungitur:</span> <span class='ocrx_word' id='word_1_33' title='bbox 875 600 918 610; x_wconf 95' lang='grc'>-</span> <span class='ocrx_word' id='word_1_34' title='bbox 939 584 1014 645; x_wconf 88' lang='lat' dir='ltr'>quos</span> <span class='ocrx_word' id='word_1_35' title='bbox 1030 564 1149 643; x_wconf 90' lang='lat' dir='ltr'>quidem</span> <span class='ocrx_word' id='word_1_36' title='bbox 1166 482 1266 710; x_wconf 47' lang='lat' dir='ltr'>liniq</span> 
     </span>
     <span class='ocr_line' id='line_1_5' title="bbox 148 648 1245 728; baseline 0.003 -20"><span class='ocrx_word' id='word_1_37' title='bbox 148 667 207 709; x_wconf 92' lang='lat' dir='ltr'>non</span> <span class='ocrx_word' id='word_1_38' title='bbox 225 651 288 710; x_wconf 90' lang='lat' dir='ltr'>sine</span> <span class='ocrx_word' id='word_1_39' title='bbox 303 668 390 712; x_wconf 91' lang='lat' dir='ltr'>causa</span> <span class='ocrx_word' id='word_1_40' title='bbox 405 657 506 712; x_wconf 88' lang='lat' dir='ltr'>noster</span> <span class='ocrx_word' id='word_1_41' title='bbox 521 648 569 710; x_wconf 91' lang='lat' dir='ltr'>ille</span> <span class='ocrx_word' id='word_1_42' title='bbox 583 649 738 711; x_wconf 77' lang='lat' dir='ltr'>Africanus</span> <span class='ocrx_word' id='word_1_43' title='bbox 753 649 790 710; x_wconf 91' lang='lat' dir='ltr'>de</span> <span class='ocrx_word' id='word_1_44' title='bbox 813 650 950 710; x_wconf 92' lang='lat' dir='ltr'>manibus</span> <span class='ocrx_word' id='word_1_45' title='bbox 970 667 1082 728; x_wconf 87' lang='lat' dir='ltr'>ponere</span> <span class='ocrx_word' id='word_1_46' title='bbox 1104 667 1163 710; x_wconf 88' lang='lat' dir='ltr'>non</span> <span class='ocrx_word' id='word_1_47' title='bbox 1183 650 1245 712; x_wconf 92' lang='lat' dir='ltr'>sole</span> 
     </span>
     <span class='ocr_line' id='line_1_6' title="bbox 147 732 1260 817; baseline 0.002 -25"><span class='ocrx_word' id='word_1_48' title='bbox 147 732 212 802; x_wconf 86' lang='lat' dir='ltr'>bat;</span> <span class='ocrx_word' id='word_1_49' title='bbox 235 732 349 796; x_wconf 90' lang='lat' dir='ltr'>nullum</span> <span class='ocrx_word' id='word_1_50' title='bbox 372 740 416 795; x_wconf 92' lang='lat' dir='ltr'>est</span> <span class='ocrx_word' id='word_1_51' title='bbox 435 734 513 795; x_wconf 86' lang='lat' dir='ltr'>enim</span> <span class='ocrx_word' id='word_1_52' title='bbox 534 734 773 814; x_wconf 88' lang='lat' dir='ltr'>praetermissum</span> <span class='ocrx_word' id='word_1_53' title='bbox 796 737 828 794; x_wconf 95' lang='lat' dir='ltr'>in</span> <span class='ocrx_word' id='word_1_54' title='bbox 845 737 882 817; x_wconf 83' lang='lat' dir='ltr'>iis</span> <span class='ocrx_word' id='word_1_55' title='bbox 907 733 1037 794; x_wconf 86' lang='lat' dir='ltr'>officium</span> <span class='ocrx_word' id='word_1_56' title='bbox 1062 733 1211 812; x_wconf 79' lang='lat' dir='ltr'>diligentis</span> <span class='ocrx_word' id='word_1_57' title='bbox 1230 741 1260 795; x_wconf 92' lang='lat' dir='ltr'>et</span> 
     </span>
     <span class='ocr_line' id='line_1_7' title="bbox 150 816 1260 898; baseline 0.003 -21"><span class='ocrx_word' id='word_1_58' title='bbox 150 817 294 879; x_wconf 90' lang='lat' dir='ltr'>moderati</span> <span class='ocrx_word' id='word_1_59' title='bbox 308 819 437 896; x_wconf 90' lang='lat' dir='ltr'>imperii:</span> <span class='ocrx_word' id='word_1_60' title='bbox 457 853 491 862; x_wconf 92' lang='lat'>—-</span> <span class='ocrx_word' id='word_1_61' title='bbox 513 837 615 898; x_wconf 86' lang='lat' dir='ltr'>eaque,</span> <span class='ocrx_word' id='word_1_62' title='bbox 633 821 659 880; x_wconf 92' lang='lat' dir='ltr'>si</span> <span class='ocrx_word' id='word_1_63' title='bbox 678 820 720 880; x_wconf 89' lang='lat' dir='ltr'>sic</span> <span class='ocrx_word' id='word_1_64' title='bbox 741 816 831 880; x_wconf 92' lang='lat' dir='ltr'>coluit</span> <span class='ocrx_word' id='word_1_65' title='bbox 845 819 909 888; x_wconf 89' lang='lat' dir='ltr'>ille,</span> <span class='ocrx_word' id='word_1_66' title='bbox 934 819 984 896; x_wconf 84' lang='lat' dir='ltr'>qui</span> <span class='ocrx_word' id='word_1_67' title='bbox 998 821 1130 897; x_wconf 84' lang='lat' dir='ltr'>privatus</span> <span class='ocrx_word' id='word_1_68' title='bbox 1143 819 1260 880; x_wconf 86' lang='lat' dir='ltr'>loturus</span> 
     </span>
     <span class='ocr_line' id='line_1_8' title="bbox 149 903 1259 983; baseline 0.002 -21"><span class='ocrx_word' id='word_1_69' title='bbox 149 920 299 982; x_wconf 88' lang='lat' dir='ltr'>nunquam</span> <span class='ocrx_word' id='word_1_70' title='bbox 320 904 388 974; x_wconf 86' lang='lat' dir='ltr'>luit,</span> <span class='ocrx_word' id='word_1_71' title='bbox 411 921 540 983; x_wconf 89' lang='lat' dir='ltr'>quonam</span> <span class='ocrx_word' id='word_1_72' title='bbox 555 903 644 964; x_wconf 94' lang='lat' dir='ltr'>modo</span> <span class='ocrx_word' id='word_1_73' title='bbox 658 903 812 964; x_wconf 88' lang='lat' dir='ltr'>retinenda</span> <span class='ocrx_word' id='word_1_74' title='bbox 826 911 896 965; x_wconf 89' lang='lat' dir='ltr'>sunt</span> <span class='ocrx_word' id='word_1_75' title='bbox 911 905 963 974; x_wconf 89' lang='lat' dir='ltr'>iis,</span> <span class='ocrx_word' id='word_1_76' title='bbox 981 903 1088 980; x_wconf 88' lang='lat' dir='ltr'>quibus</span> <span class='ocrx_word' id='word_1_77' title='bbox 1101 905 1259 982; x_wconf 92' lang='lat' dir='ltr'>imperium</span> 
     </span>
     <span class='ocr_line' id='line_1_9' title="bbox 149 986 1259 1066; baseline 0.001 -19"><span class='ocrx_word' id='word_1_78' title='bbox 149 989 186 1048; x_wconf 91' lang='lat' dir='ltr'>ita</span> <span class='ocrx_word' id='word_1_79' title='bbox 202 986 302 1048; x_wconf 91' lang='lat' dir='ltr'>datum</span> <span class='ocrx_word' id='word_1_80' title='bbox 317 996 374 1059; x_wconf 90' lang='lat' dir='ltr'>est,</span> <span class='ocrx_word' id='word_1_81' title='bbox 398 995 431 1048; x_wconf 91' lang='lat' dir='ltr'>ut</span> <span class='ocrx_word' id='word_1_82' title='bbox 445 987 620 1059; x_wconf 79' lang='lat' dir='ltr'>redderent,</span> <span class='ocrx_word' id='word_1_83' title='bbox 644 995 673 1048; x_wconf 89' lang='lat' dir='ltr'>et</span> <span class='ocrx_word' id='word_1_84' title='bbox 689 987 725 1048; x_wconf 89' lang='lat' dir='ltr'>ab</span> <span class='ocrx_word' id='word_1_85' title='bbox 744 989 779 1049; x_wconf 89' lang='lat' dir='ltr'>iis</span> <span class='ocrx_word' id='word_1_86' title='bbox 793 987 907 1066; x_wconf 81' lang='lat' dir='ltr'>legibus</span> <span class='ocrx_word' id='word_1_87' title='bbox 921 989 1023 1052; x_wconf 88' lang='lat' dir='ltr'>datum</span> <span class='ocrx_word' id='word_1_88' title='bbox 1044 994 1103 1056; x_wconf 87' lang='lat' dir='ltr'>est,</span> <span class='ocrx_word' id='word_1_89' title='bbox 1129 988 1166 1048; x_wconf 91' lang='lat' dir='ltr'>ad</span> <span class='ocrx_word' id='word_1_90' title='bbox 1187 1006 1259 1066; x_wconf 89' lang='lat' dir='ltr'>quas</span> 
     </span>
     <span class='ocr_line' id='line_1_10' title="bbox 150 1071 1320 1152; baseline 0.008 -23"><span class='ocrx_word' id='word_1_91' title='bbox 150 1072 356 1134; x_wconf 88' lang='lat' dir='ltr'>revertendum</span> <span class='ocrx_word' id='word_1_92' title='bbox 377 1073 437 1133; x_wconf 79' lang='lat' dir='ltr'>est?</span> <span class='ocrx_word' id='word_1_93' title='bbox 481 1073 523 1132; x_wconf 80' lang='lat' dir='ltr'>Ao</span> <span class='ocrx_word' id='word_1_94' title='bbox 543 1071 615 1132; x_wconf 91' lang='lat' dir='ltr'>mibi</span> <span class='ocrx_word' id='word_1_95' title='bbox 635 1073 753 1152; x_wconf 87' lang='lat' dir='ltr'>quidem</span> <span class='ocrx_word' id='word_1_96' title='bbox 773 1073 910 1149; x_wconf 86' lang='lat' dir='ltr'>videntur</span> <span class='ocrx_word' id='word_1_97' title='bbox 930 1072 989 1133; x_wconf 94' lang='lat' dir='ltr'>huc</span> <span class='ocrx_word' id='word_1_98' title='bbox 1009 1073 1107 1132; x_wconf 89' lang='lat' dir='ltr'>omnia</span> <span class='ocrx_word' id='word_1_99' title='bbox 1130 1089 1194 1133; x_wconf 90' lang='lat' dir='ltr'>esse</span> <span class='ocrx_word' id='word_1_100' title='bbox 1209 1091 1257 1132; x_wconf 92' lang='lat' dir='ltr'>re·</span> <span class='ocrx_word' id='word_1_101' title='bbox 1278 1079 1320 1138; x_wconf 81' lang='lat'>24</span> 
     </span>
     <span class='ocr_line' id='line_1_11' title="bbox 150 1156 1256 1235; baseline 0.001 -20"><span class='ocrx_word' id='word_1_102' title='bbox 150 1156 270 1216; x_wconf 88' lang='lat' dir='ltr'>lerenda</span> <span class='ocrx_word' id='word_1_103' title='bbox 285 1157 336 1225; x_wconf 92' lang='lat' dir='ltr'>iis,</span> <span class='ocrx_word' id='word_1_104' title='bbox 359 1159 410 1235; x_wconf 86' lang='lat' dir='ltr'>qui</span> <span class='ocrx_word' id='word_1_105' title='bbox 425 1165 566 1234; x_wconf 80' lang='lat' dir='ltr'><strong>praesunt</strong></span> <span class='ocrx_word' id='word_1_106' title='bbox 577 1156 656 1226; x_wconf 76' lang='lat' dir='ltr'>aliie,</span> <span class='ocrx_word' id='word_1_107' title='bbox 678 1164 711 1217; x_wconf 90' lang='lat' dir='ltr'>ut</span> <span class='ocrx_word' id='word_1_108' title='bbox 724 1159 760 1226; x_wconf 91' lang='lat' dir='ltr'>ii,</span> <span class='ocrx_word' id='word_1_109' title='bbox 783 1159 936 1235; x_wconf 86' lang='lat' dir='ltr'>quierunt</span> <span class='ocrx_word' id='word_1_110' title='bbox 953 1159 983 1217; x_wconf 87' lang='lat' dir='ltr'>iu</span> <span class='ocrx_word' id='word_1_111' title='bbox 1000 1158 1256 1234; x_wconf 88' lang='lat' dir='ltr'>eorum-imperio,</span> 
     </span>
     <span class='ocr_line' id='line_1_12' title="bbox 150 1240 1257 1322; baseline 0.002 -23"><span class='ocrx_word' id='word_1_112' title='bbox 150 1241 209 1301; x_wconf 88' lang='lat' dir='ltr'>sint</span> <span class='ocrx_word' id='word_1_113' title='bbox 228 1259 317 1322; x_wconf 90' lang='lat' dir='ltr'>quam</span> <span class='ocrx_word' id='word_1_114' title='bbox 336 1240 511 1302; x_wconf 78' lang='lat' dir='ltr'>beatissimi:</span> <span class='ocrx_word' id='word_1_115' title='bbox 533 1241 611 1320; x_wconf 90' lang='lat' dir='ltr'>quod</span> <span class='ocrx_word' id='word_1_116' title='bbox 635 1241 686 1302; x_wconf 93' lang='lat' dir='ltr'>tibi</span> <span class='ocrx_word' id='word_1_117' title='bbox 707 1249 735 1302; x_wconf 87' lang='lat' dir='ltr'>ot</span> <span class='ocrx_word' id='word_1_118' title='bbox 751 1259 816 1303; x_wconf 87' lang='lat' dir='ltr'>esse</span> <span class='ocrx_word' id='word_1_119' title='bbox 830 1243 1063 1320; x_wconf 89' lang='lat' dir='ltr'>antiquissimum</span> <span class='ocrx_word' id='word_1_120' title='bbox 1082 1248 1110 1301; x_wconf 88' lang='lat' dir='ltr'>et</span> <span class='ocrx_word' id='word_1_121' title='bbox 1124 1240 1161 1301; x_wconf 89' lang='lat' dir='ltr'>ab</span> <span class='ocrx_word' id='word_1_122' title='bbox 1175 1243 1257 1301; x_wconf 93' lang='lat' dir='ltr'>initio</span> 
     </span>
     <span class='ocr_line' id='line_1_13' title="bbox 149 1323 1257 1404; baseline 0.001 -21"><span class='ocrx_word' id='word_1_123' title='bbox 149 1323 254 1396; x_wconf 87' lang='lat' dir='ltr'>luisse,</span> <span class='ocrx_word' id='word_1_124' title='bbox 275 1333 309 1384; x_wconf 93' lang='lat' dir='ltr'>ut</span> <span class='ocrx_word' id='word_1_125' title='bbox 330 1325 458 1404; x_wconf 91' lang='lat' dir='ltr'>primum</span> <span class='ocrx_word' id='word_1_126' title='bbox 472 1327 570 1386; x_wconf 80' lang='lat' dir='ltr'>Asiam</span> <span class='ocrx_word' id='word_1_127' title='bbox 591 1327 726 1402; x_wconf 80' lang='lat' dir='ltr'>attigisti,</span> <span class='ocrx_word' id='word_1_128' title='bbox 750 1334 902 1387; x_wconf 85' lang='lat' dir='ltr'>constante</span> <span class='ocrx_word' id='word_1_129' title='bbox 925 1327 1003 1387; x_wconf 86' lang='lat' dir='ltr'>lama</span> <span class='ocrx_word' id='word_1_130' title='bbox 1020 1333 1109 1403; x_wconf 85' lang='lat' dir='ltr'>atque</span> <span class='ocrx_word' id='word_1_131' title='bbox 1125 1327 1257 1386; x_wconf 91' lang='lat' dir='ltr'>omnium</span> 
     </span>
     <span class='ocr_line' id='line_1_14' title="bbox 150 1408 1259 1488; baseline 0.001 -20"><span class='ocrx_word' id='word_1_132' title='bbox 150 1427 287 1470; x_wconf 89' lang='lat' dir='ltr'>sermone</span> <span class='ocrx_word' id='word_1_133' title='bbox 303 1408 484 1472; x_wconf 90' lang='lat' dir='ltr'>celebratum</span> <span class='ocrx_word' id='word_1_134' title='bbox 499 1416 551 1471; x_wconf 92' lang='lat' dir='ltr'>est.</span> <span class='ocrx_word' id='word_1_135' title='bbox 583 1411 634 1470; x_wconf 86' lang='lat' dir='ltr'>Est</span> <span class='ocrx_word' id='word_1_136' title='bbox 652 1417 750 1472; x_wconf 90' lang='lat' dir='ltr'>autem</span> <span class='ocrx_word' id='word_1_137' title='bbox 772 1429 832 1472; x_wconf 92' lang='lat' dir='ltr'>non</span> <span class='ocrx_word' id='word_1_138' title='bbox 846 1410 934 1472; x_wconf 93' lang='lat' dir='ltr'>modo</span> <span class='ocrx_word' id='word_1_139' title='bbox 950 1413 1029 1481; x_wconf 91' lang='lat' dir='ltr'>eius,</span> <span class='ocrx_word' id='word_1_140' title='bbox 1052 1411 1103 1488; x_wconf 86' lang='lat' dir='ltr'>qui</span> <span class='ocrx_word' id='word_1_141' title='bbox 1123 1412 1212 1470; x_wconf 90' lang='lat' dir='ltr'>sociis</span> <span class='ocrx_word' id='word_1_142' title='bbox 1229 1418 1259 1470; x_wconf 91' lang='lat' dir='ltr'>et</span> 
     </span>
     <span class='ocr_line' id='line_1_15' title="bbox 151 1492 1258 1574; baseline 0.001 -22"><span class='ocrx_word' id='word_1_143' title='bbox 151 1492 276 1564; x_wconf 85' lang='lat' dir='ltr'>civibus,</span> <span class='ocrx_word' id='word_1_144' title='bbox 297 1495 352 1556; x_wconf 87' lang='lat' dir='ltr'>sed</span> <span class='ocrx_word' id='word_1_145' title='bbox 373 1495 459 1556; x_wconf 89' lang='lat' dir='ltr'>etiam</span> <span class='ocrx_word' id='word_1_146' title='bbox 480 1496 558 1565; x_wconf 84' lang='lat' dir='ltr'>eiua,</span> <span class='ocrx_word' id='word_1_147' title='bbox 580 1497 630 1574; x_wconf 91' lang='lat' dir='ltr'>qui</span> <span class='ocrx_word' id='word_1_148' title='bbox 650 1497 758 1565; x_wconf 77' lang='lat' dir='ltr'>serviS,</span> <span class='ocrx_word' id='word_1_149' title='bbox 782 1497 833 1574; x_wconf 88' lang='lat' dir='ltr'>qui</span> <span class='ocrx_word' id='word_1_150' title='bbox 853 1496 942 1563; x_wconf 89' lang='lat' dir='ltr'>mutis</span> <span class='ocrx_word' id='word_1_151' title='bbox 962 1493 1125 1572; x_wconf 81' lang='lat' dir='ltr'>pecudibus</span> <span class='ocrx_word' id='word_1_152' title='bbox 1139 1495 1258 1572; x_wconf 81' lang='lat' dir='ltr'>praesit,</span> 
     </span>
    </p>
   </div>
   <div class='ocr_carea' id='block_1_3' title="bbox 35 1577 1319 1658">
    <p class='ocr_par' dir='ltr' id='par_1_3' title="bbox 35 1577 1319 1658">
     <span class='ocr_line' id='line_1_16' title="bbox 35 1577 1319 1658; baseline 0.006 -22"><span class='ocrx_word' id='word_1_153' title='bbox 35 1625 40 1636; x_wconf 85' lang='lat'><em>.</em></span> <span class='ocrx_word' id='word_1_154' title='bbox 151 1596 269 1648; x_wconf 91' lang='lat' dir='ltr'>eorum,</span> <span class='ocrx_word' id='word_1_155' title='bbox 289 1579 396 1658; x_wconf 88' lang='lat' dir='ltr'>quibus</span> <span class='ocrx_word' id='word_1_156' title='bbox 413 1581 537 1658; x_wconf 84' lang='lat' dir='ltr'>praesit,</span> <span class='ocrx_word' id='word_1_157' title='bbox 553 1579 715 1640; x_wconf 90' lang='lat' dir='ltr'>commodis</span> <span class='ocrx_word' id='word_1_158' title='bbox 731 1579 906 1658; x_wconf 77' lang='lat' dir='ltr'>utilitatique</span> <span class='ocrx_word' id='word_1_159' title='bbox 921 1581 1042 1640; x_wconf 82' lang='lat' dir='ltr'>servire.</span> <span class='ocrx_word' id='word_1_160' title='bbox 1089 1577 1178 1640; x_wconf 84' lang='lat' dir='ltr'>Cuius</span> <span class='ocrx_word' id='word_1_161' title='bbox 1193 1579 1257 1656; x_wconf 86' lang='lat' dir='ltr'>qui·</span> <span class='ocrx_word' id='word_1_162' title='bbox 1279 1584 1319 1644; x_wconf 79' lang='lat'>25</span> 
     </span>
    </p>
   </div>
   <div class='ocr_carea' id='block_1_4' title="bbox 120 1661 1354 2844">
    <p class='ocr_par' dir='ltr' id='par_1_4' title="bbox 120 1661 1354 2844">
     <span class='ocr_line' id='line_1_17' title="bbox 152 1661 1260 1740; baseline 0.001 -19"><span class='ocrx_word' id='word_1_163' title='bbox 152 1663 217 1723; x_wconf 92' lang='lat' dir='ltr'>dem</span> <span class='ocrx_word' id='word_1_164' title='bbox 236 1665 352 1740; x_wconf 84' lang='lat' dir='ltr'>generis</span> <span class='ocrx_word' id='word_1_165' title='bbox 373 1670 509 1726; x_wconf 84' lang='lat' dir='ltr'>constare</span> <span class='ocrx_word' id='word_1_166' title='bbox 529 1666 607 1725; x_wconf 87' lang='lat' dir='ltr'>inter</span> <span class='ocrx_word' id='word_1_167' title='bbox 629 1681 732 1726; x_wconf 88' lang='lat' dir='ltr'>omnes</span> <span class='ocrx_word' id='word_1_168' title='bbox 746 1664 831 1725; x_wconf 84' lang='lat' dir='ltr'>rideo</span> <span class='ocrx_word' id='word_1_169' title='bbox 846 1663 899 1724; x_wconf 91' lang='lat' dir='ltr'>abs</span> <span class='ocrx_word' id='word_1_170' title='bbox 916 1671 946 1724; x_wconf 90' lang='lat' dir='ltr'>te</span> <span class='ocrx_word' id='word_1_171' title='bbox 962 1681 1108 1726; x_wconf 89' lang='lat' dir='ltr'>summam</span> <span class='ocrx_word' id='word_1_172' title='bbox 1125 1661 1260 1723; x_wconf 90' lang='lat' dir='ltr'>adbiberi</span> 
     </span>
     <span class='ocr_line' id='line_1_18' title="bbox 152 1746 1261 1826; baseline 0 -20"><span class='ocrx_word' id='word_1_173' title='bbox 152 1747 348 1826; x_wconf 80' lang='lat' dir='ltr'>diligentiam:</span> <span class='ocrx_word' id='word_1_174' title='bbox 364 1746 477 1810; x_wconf 92' lang='lat' dir='ltr'>nullum</span> <span class='ocrx_word' id='word_1_175' title='bbox 494 1767 543 1810; x_wconf 87' lang='lat' dir='ltr'>aes</span> <span class='ocrx_word' id='word_1_176' title='bbox 560 1748 687 1812; x_wconf 91' lang='lat' dir='ltr'>alienum</span> <span class='ocrx_word' id='word_1_177' title='bbox 699 1767 808 1810; x_wconf 91' lang='lat' dir='ltr'>novum</span> <span class='ocrx_word' id='word_1_178' title='bbox 820 1748 956 1810; x_wconf 87' lang='lat' dir='ltr'>contrahi</span> <span class='ocrx_word' id='word_1_179' title='bbox 967 1746 1146 1818; x_wconf 85' lang='lat' dir='ltr'>civitatibus,</span> <span class='ocrx_word' id='word_1_180' title='bbox 1162 1754 1261 1808; x_wconf 82' lang='lat' dir='ltr'>vetere</span> 
     </span>
     <span class='ocr_line' id='line_1_19' title="bbox 153 1831 1260 1912; baseline -0.002 -20"><span class='ocrx_word' id='word_1_181' title='bbox 153 1841 249 1893; x_wconf 87' lang='lat' dir='ltr'>eutem</span> <span class='ocrx_word' id='word_1_182' title='bbox 269 1850 376 1912; x_wconf 84' lang='lat' dir='ltr'>magno</span> <span class='ocrx_word' id='word_1_183' title='bbox 400 1840 428 1893; x_wconf 86' lang='lat' dir='ltr'>el</span> <span class='ocrx_word' id='word_1_184' title='bbox 450 1835 531 1910; x_wconf 82' lang='lat' dir='ltr'>gravi</span> <span class='ocrx_word' id='word_1_185' title='bbox 552 1833 659 1894; x_wconf 90' lang='lat' dir='ltr'>multas</span> <span class='ocrx_word' id='word_1_186' title='bbox 680 1833 732 1896; x_wconf 91' lang='lat' dir='ltr'>abs</span> <span class='ocrx_word' id='word_1_187' title='bbox 754 1842 784 1894; x_wconf 91' lang='lat' dir='ltr'>te</span> <span class='ocrx_word' id='word_1_188' title='bbox 806 1850 871 1894; x_wconf 81' lang='lat' dir='ltr'>esse</span> <span class='ocrx_word' id='word_1_189' title='bbox 891 1832 1043 1900; x_wconf 67' lang='lat' dir='ltr'>liberatam</span> <span class='ocrx_word' id='word_1_190' title='bbox 1070 1831 1160 1894; x_wconf 88' lang='lat' dir='ltr'>urbes</span> <span class='ocrx_word' id='word_1_191' title='bbox 1180 1849 1260 1892; x_wconf 92' lang='lat' dir='ltr'>com-</span> 
     </span>
     <span class='ocr_line' id='line_1_20' title="bbox 153 1915 1261 1997; baseline -0.001 -21"><span class='ocrx_word' id='word_1_192' title='bbox 153 1915 252 1995; x_wconf 89' lang='lat' dir='ltr'>plures</span> <span class='ocrx_word' id='word_1_193' title='bbox 274 1917 384 1978; x_wconf 86' lang='lat' dir='ltr'>dirutas</span> <span class='ocrx_word' id='word_1_194' title='bbox 404 1937 438 1978; x_wconf 93' lang='lat' dir='ltr'>ac</span> <span class='ocrx_word' id='word_1_195' title='bbox 458 1936 553 1997; x_wconf 88' lang='lat' dir='ltr'>paene</span> <span class='ocrx_word' id='word_1_196' title='bbox 577 1919 723 1987; x_wconf 83' lang='lat' dir='ltr'>desertas,</span> <span class='ocrx_word' id='word_1_197' title='bbox 748 1920 779 1978; x_wconf 93' lang='lat' dir='ltr'>in</span> <span class='ocrx_word' id='word_1_198' title='bbox 801 1917 907 1996; x_wconf 91' lang='lat' dir='ltr'>quibus</span> <span class='ocrx_word' id='word_1_199' title='bbox 922 1935 1012 1978; x_wconf 91' lang='lat' dir='ltr'>unam</span> <span class='ocrx_word' id='word_1_200' title='bbox 1026 1917 1125 1977; x_wconf 88' lang='lat' dir='ltr'>ioniae</span> <span class='ocrx_word' id='word_1_201' title='bbox 1140 1915 1261 1976; x_wconf 89' lang='lat' dir='ltr'>nobilis·</span> 
     </span>
     <span class='ocr_line' id='line_1_21' title="bbox 154 2001 1354 2078; baseline 0.001 -19"><span class='ocrx_word' id='word_1_202' title='bbox 154 2003 271 2071; x_wconf 88' lang='lat' dir='ltr'>simam,</span> <span class='ocrx_word' id='word_1_203' title='bbox 287 2001 409 2062; x_wconf 90' lang='lat' dir='ltr'>alteram</span> <span class='ocrx_word' id='word_1_204' title='bbox 428 2002 545 2073; x_wconf 76' lang='lat' dir='ltr'>Cariae,</span> <span class='ocrx_word' id='word_1_205' title='bbox 562 2003 682 2064; x_wconf 89' lang='lat' dir='ltr'>Samum</span> <span class='ocrx_word' id='word_1_206' title='bbox 699 2009 727 2064; x_wconf 92' lang='lat' dir='ltr'>et</span> <span class='ocrx_word' id='word_1_207' title='bbox 742 2001 993 2071; x_wconf 81' lang='lat' dir='ltr'>Halicarnassum,</span> <span class='ocrx_word' id='word_1_208' title='bbox 1016 2019 1070 2078; x_wconf 92' lang='lat' dir='ltr'>per</span> <span class='ocrx_word' id='word_1_209' title='bbox 1087 2008 1116 2060; x_wconf 89' lang='lat' dir='ltr'>te</span> <span class='ocrx_word' id='word_1_210' title='bbox 1132 2018 1196 2061; x_wconf 89' lang='lat' dir='ltr'>esse</span> <span class='ocrx_word' id='word_1_211' title='bbox 1213 2019 1261 2060; x_wconf 89' lang='lat' dir='ltr'>re·</span> <span class='ocrx_word' id='word_1_212' title='bbox 1350 2035 1354 2041; x_wconf 72' lang='lat'><em>=</em></span> 
     </span>
     <span class='ocr_line' id='line_1_22' title="bbox 155 2085 1262 2166; baseline -0.001 -21"><span class='ocrx_word' id='word_1_213' title='bbox 155 2093 286 2154; x_wconf 85' lang='lat' dir='ltr'>creatas;</span> <span class='ocrx_word' id='word_1_214' title='bbox 308 2085 404 2148; x_wconf 88' lang='lat' dir='ltr'>nullas</span> <span class='ocrx_word' id='word_1_215' title='bbox 419 2105 483 2150; x_wconf 89' lang='lat' dir='ltr'>esse</span> <span class='ocrx_word' id='word_1_216' title='bbox 498 2089 527 2148; x_wconf 89' lang='lat' dir='ltr'>in</span> <span class='ocrx_word' id='word_1_217' title='bbox 543 2087 657 2166; x_wconf 84' lang='lat' dir='ltr'>oppidis</span> <span class='ocrx_word' id='word_1_218' title='bbox 674 2087 849 2156; x_wconf 88' lang='lat' dir='ltr'>seditiones,</span> <span class='ocrx_word' id='word_1_219' title='bbox 871 2085 966 2146; x_wconf 90' lang='lat' dir='ltr'>nullas</span> <span class='ocrx_word' id='word_1_220' title='bbox 993 2085 1170 2157; x_wconf 80' lang='lat' dir='ltr'>discordias:</span> <span class='ocrx_word' id='word_1_221' title='bbox 1192 2101 1262 2165; x_wconf 91' lang='lat' dir='ltr'>pro·</span> 
     </span>
     <span class='ocr_line' id='line_1_23' title="bbox 120 2168 1262 2252; baseline -0.001 -23"><span class='ocrx_word' id='word_1_222' title='bbox 120 2245 122 2252; x_wconf 21' lang='lat'><strong>¹</strong></span> <span class='ocrx_word' id='word_1_223' title='bbox 155 2170 246 2232; x_wconf 90' lang='lat' dir='ltr'>videri</span> <span class='ocrx_word' id='word_1_224' title='bbox 263 2170 316 2230; x_wconf 87' lang='lat' dir='ltr'>abs</span> <span class='ocrx_word' id='word_1_225' title='bbox 331 2178 373 2241; x_wconf 87' lang='lat' dir='ltr'>te,</span> <span class='ocrx_word' id='word_1_226' title='bbox 389 2178 421 2232; x_wconf 93' lang='lat' dir='ltr'>ut</span> <span class='ocrx_word' id='word_1_227' title='bbox 434 2172 563 2241; x_wconf 87' lang='lat' dir='ltr'>civitates</span> <span class='ocrx_word' id='word_1_228' title='bbox 578 2171 762 2250; x_wconf 88' lang='lat' dir='ltr'>optimatium</span> <span class='ocrx_word' id='word_1_229' title='bbox 776 2169 905 2231; x_wconf 89' lang='lat' dir='ltr'>consiliis</span> <span class='ocrx_word' id='word_1_230' title='bbox 921 2170 1176 2238; x_wconf 88' lang='lat' dir='ltr'>administrentur;</span> <span class='ocrx_word' id='word_1_231' title='bbox 1193 2168 1262 2229; x_wconf 89' lang='lat' dir='ltr'>sub-</span> 
     </span>
     <span class='ocr_line' id='line_1_24' title="bbox 155 2253 1264 2335; baseline -0.002 -21"><span class='ocrx_word' id='word_1_232' title='bbox 155 2253 211 2316; x_wconf 88' lang='lat' dir='ltr'>lata</span> <span class='ocrx_word' id='word_1_233' title='bbox 230 2256 336 2335; x_wconf 82' lang='lat' dir='ltr'>Mysiae</span> <span class='ocrx_word' id='word_1_234' title='bbox 359 2255 527 2326; x_wconf 89' lang='lat' dir='ltr'>latrocinia,</span> <span class='ocrx_word' id='word_1_235' title='bbox 550 2255 655 2316; x_wconf 89' lang='lat' dir='ltr'>caedes</span> <span class='ocrx_word' id='word_1_236' title='bbox 676 2254 775 2316; x_wconf 90' lang='lat' dir='ltr'>multis</span> <span class='ocrx_word' id='word_1_237' title='bbox 798 2255 871 2314; x_wconf 89' lang='lat' dir='ltr'>locis</span> <span class='ocrx_word' id='word_1_238' title='bbox 894 2272 1060 2335; x_wconf 89' lang='lat' dir='ltr'>repressas,</span> <span class='ocrx_word' id='word_1_239' title='bbox 1080 2272 1184 2334; x_wconf 89' lang='lat' dir='ltr'>paoem</span> <span class='ocrx_word' id='word_1_240' title='bbox 1204 2260 1264 2314; x_wconf 89' lang='lat' dir='ltr'>tota</span> 
     </span>
     <span class='ocr_line' id='line_1_25' title="bbox 155 2339 1262 2419; baseline -0.001 -20"><span class='ocrx_word' id='word_1_241' title='bbox 155 2342 305 2419; x_wconf 87' lang='lat' dir='ltr'>provincia</span> <span class='ocrx_word' id='word_1_242' title='bbox 327 2344 528 2409; x_wconf 84' lang='lat' dir='ltr'>constitutam,</span> <span class='ocrx_word' id='word_1_243' title='bbox 551 2359 646 2419; x_wconf 89' lang='lat' dir='ltr'>neque</span> <span class='ocrx_word' id='word_1_244' title='bbox 666 2339 762 2401; x_wconf 91' lang='lat' dir='ltr'>solum</span> <span class='ocrx_word' id='word_1_245' title='bbox 782 2339 831 2399; x_wconf 92' lang='lat' dir='ltr'>illa</span> <span class='ocrx_word' id='word_1_246' title='bbox 855 2340 993 2401; x_wconf 90' lang='lat' dir='ltr'>itinerum</span> <span class='ocrx_word' id='word_1_247' title='bbox 1009 2346 1097 2417; x_wconf 89' lang='lat' dir='ltr'>atque</span> <span class='ocrx_word' id='word_1_248' title='bbox 1112 2357 1262 2417; x_wconf 85' lang='lat' dir='ltr'>agrorum,</span> 
     </span>
     <span class='ocr_line' id='line_1_26' title="bbox 155 2424 1265 2510; baseline -0.003 -27"><span class='ocrx_word' id='word_1_249' title='bbox 155 2424 207 2483; x_wconf 90' lang='lat' dir='ltr'>sed</span> <span class='ocrx_word' id='word_1_250' title='bbox 228 2424 319 2484; x_wconf 91' lang='lat' dir='ltr'>multo</span> <span class='ocrx_word' id='word_1_251' title='bbox 343 2426 429 2485; x_wconf 88' lang='lat' dir='ltr'>etiam</span> <span class='ocrx_word' id='word_1_252' title='bbox 451 2424 537 2510; x_wconf 80' lang='lat' dir='ltr'>plura</span> <span class='ocrx_word' id='word_1_253' title='bbox 559 2433 588 2485; x_wconf 94' lang='lat' dir='ltr'>et</span> <span class='ocrx_word' id='word_1_254' title='bbox 607 2426 718 2485; x_wconf 91' lang='lat' dir='ltr'>maiora</span> <span class='ocrx_word' id='word_1_255' title='bbox 742 2424 918 2504; x_wconf 91' lang='lat' dir='ltr'>oppidorum</span> <span class='ocrx_word' id='word_1_256' title='bbox 939 2431 968 2485; x_wconf 89' lang='lat' dir='ltr'>et</span> <span class='ocrx_word' id='word_1_257' title='bbox 990 2424 1126 2484; x_wconf 80' lang='lat' dir='ltr'>fanorum</span> <span class='ocrx_word' id='word_1_258' title='bbox 1143 2425 1219 2483; x_wconf 87' lang='lat' dir='ltr'>furta</span> <span class='ocrx_word' id='word_1_259' title='bbox 1236 2430 1265 2481; x_wconf 89' lang='lat' dir='ltr'>et</span> 
     </span>
     <span class='ocr_line' id='line_1_27' title="bbox 155 2506 1265 2587; baseline -0.004 -18"><span class='ocrx_word' id='word_1_260' title='bbox 155 2507 308 2569; x_wconf 85' lang='lat' dir='ltr'>latrocinia</span> <span class='ocrx_word' id='word_1_261' title='bbox 330 2526 394 2569; x_wconf 89' lang='lat' dir='ltr'>esse</span> <span class='ocrx_word' id='word_1_262' title='bbox 416 2506 551 2587; x_wconf 86' lang='lat' dir='ltr'>depulsa;</span> <span class='ocrx_word' id='word_1_263' title='bbox 574 2516 718 2571; x_wconf 92' lang='lat' dir='ltr'>remotam</span> <span class='ocrx_word' id='word_1_264' title='bbox 742 2510 857 2570; x_wconf 86' lang='lat' dir='ltr'>alama</span> <span class='ocrx_word' id='word_1_265' title='bbox 880 2516 909 2570; x_wconf 90' lang='lat' dir='ltr'>et</span> <span class='ocrx_word' id='word_1_266' title='bbox 929 2528 945 2569; x_wconf 93' lang='lat' dir='ltr'>a</span> <span class='ocrx_word' id='word_1_267' title='bbox 968 2507 1097 2569; x_wconf 86' lang='lat' dir='ltr'>fortunis</span> <span class='ocrx_word' id='word_1_268' title='bbox 1112 2513 1140 2568; x_wconf 91' lang='lat' dir='ltr'>et</span> <span class='ocrx_word' id='word_1_269' title='bbox 1153 2506 1190 2567; x_wconf 92' lang='lat' dir='ltr'>ab</span> <span class='ocrx_word' id='word_1_270' title='bbox 1205 2508 1265 2566; x_wconf 88' lang='lat' dir='ltr'>otio</span> 
     </span>
     <span class='ocr_line' id='line_1_28' title="bbox 156 2591 1264 2673; baseline -0.001 -22"><span class='ocrx_word' id='word_1_271' title='bbox 156 2591 346 2671; x_wconf 88' lang='lat' dir='ltr'>locupletium</span> <span class='ocrx_word' id='word_1_272' title='bbox 371 2591 448 2655; x_wconf 89' lang='lat' dir='ltr'>illam</span> <span class='ocrx_word' id='word_1_273' title='bbox 480 2592 698 2655; x_wconf 85' lang='lat' dir='ltr'>acerbissimam</span> <span class='ocrx_word' id='word_1_274' title='bbox 725 2596 891 2655; x_wconf 91' lang='lat' dir='ltr'>ministram</span> <span class='ocrx_word' id='word_1_275' title='bbox 916 2599 1089 2673; x_wconf 85' lang='lat' dir='ltr'>praetorum</span> <span class='ocrx_word' id='word_1_276' title='bbox 1117 2592 1264 2659; x_wconf 88' lang='lat' dir='ltr'>avaritiae,</span> 
     </span>
     <span class='ocr_line' id='line_1_29' title="bbox 157 2675 1266 2757; baseline -0.001 -21"><span class='ocrx_word' id='word_1_277' title='bbox 157 2675 347 2746; x_wconf 90' lang='lat' dir='ltr'>calumniam;</span> <span class='ocrx_word' id='word_1_278' title='bbox 374 2686 507 2757; x_wconf 89' lang='lat' dir='ltr'>sumptus</span> <span class='ocrx_word' id='word_1_279' title='bbox 525 2685 553 2739; x_wconf 89' lang='lat' dir='ltr'>et</span> <span class='ocrx_word' id='word_1_280' title='bbox 566 2678 676 2739; x_wconf 89' lang='lat' dir='ltr'>tributa</span> <span class='ocrx_word' id='word_1_281' title='bbox 693 2680 841 2739; x_wconf 89' lang='lat' dir='ltr'>civitatum</span> <span class='ocrx_word' id='word_1_282' title='bbox 856 2678 894 2737; x_wconf 96' lang='lat' dir='ltr'>ab</span> <span class='ocrx_word' id='word_1_283' title='bbox 911 2676 1063 2748; x_wconf 78' lang='lat' dir='ltr'>omnibuS,</span> <span class='ocrx_word' id='word_1_284' title='bbox 1090 2678 1140 2755; x_wconf 91' lang='lat' dir='ltr'>qui</span> <span class='ocrx_word' id='word_1_285' title='bbox 1163 2692 1266 2737; x_wconf 91' lang='lat' dir='ltr'>earum</span> 
     </span>
     <span class='ocr_line' id='line_1_30' title="bbox 157 2760 1267 2844; baseline -0.003 -23"><span class='ocrx_word' id='word_1_286' title='bbox 157 2763 303 2824; x_wconf 89' lang='lat' dir='ltr'>civitatum</span> <span class='ocrx_word' id='word_1_287' title='bbox 317 2763 390 2823; x_wconf 87' lang='lat' dir='ltr'>fines</span> <span class='ocrx_word' id='word_1_288' title='bbox 407 2762 550 2834; x_wconf 89' lang='lat' dir='ltr'>incolant,</span> <span class='ocrx_word' id='word_1_289' title='bbox 566 2762 687 2825; x_wconf 91' lang='lat' dir='ltr'>tolerari</span> <span class='ocrx_word' id='word_1_290' title='bbox 701 2762 909 2844; x_wconf 82' lang='lat' dir='ltr'>aequabiliter3</span> <span class='ocrx_word' id='word_1_291' title='bbox 925 2762 1079 2823; x_wconf 83' lang='lat' dir='ltr'>facillimos</span> <span class='ocrx_word' id='word_1_292' title='bbox 1095 2778 1159 2822; x_wconf 91' lang='lat' dir='ltr'>esse</span> <span class='ocrx_word' id='word_1_293' title='bbox 1171 2760 1267 2821; x_wconf 88' lang='lat' dir='ltr'>aditus</span> 
     </span>
    </p>
   </div>
   <div class='ocr_carea' id='block_1_5' title="bbox 156 2926 1348 4277">
    <p class='ocr_par' dir='ltr' id='par_1_5' title="bbox 156 2926 1344 3131">
     <span class='ocr_line' id='line_1_31' title="bbox 191 2926 1344 2996; baseline -0.003 -15"><span class='ocrx_word' id='word_1_294' title='bbox 191 2928 268 2984; x_wconf 90' lang='lat' dir='ltr'>VllI.</span> <span class='ocrx_word' id='word_1_295' title='bbox 298 2930 483 2996; x_wconf 74' lang='lat' dir='ltr'>Fortoetzunq</span> <span class='ocrx_word' id='word_1_296' title='bbox 506 2947 560 2985; x_wconf 80' lang='lat' dir='ltr'>uon</span> <span class='ocrx_word' id='word_1_297' title='bbox 581 2949 603 2983; x_wconf 90' lang='lat' dir='ltr'>c.</span> <span class='ocrx_word' id='word_1_298' title='bbox 628 2927 686 2983; x_wconf 75' lang='lat' dir='ltr'>Vll.</span> <span class='ocrx_word' id='word_1_299' title='bbox 772 2932 813 2981; x_wconf 78' lang='lat'>24.</span> <span class='ocrx_word' id='word_1_300' title='bbox 831 2936 864 2981; x_wconf 84' lang='lat' dir='ltr'>ut</span> <span class='ocrx_word' id='word_1_301' title='bbox 880 2927 1017 2994; x_wconf 78' lang='lat' dir='ltr'>attipioti]</span> <span class='ocrx_word' id='word_1_302' title='bbox 1038 2928 1090 2981; x_wconf 85' lang='lat' dir='ltr'>der</span> <span class='ocrx_word' id='word_1_303' title='bbox 1106 2926 1184 2993; x_wconf 73' lang='lat' dir='ltr'>lna,</span> <span class='ocrx_word' id='word_1_304' title='bbox 1204 2926 1270 2979; x_wconf 88' lang='lat' dir='ltr'>weil</span> <span class='ocrx_word' id='word_1_305' title='bbox 1338 2978 1344 2987; x_wconf 68' lang='grc'>,</span> 
     </span>
     <span class='ocr_line' id='line_1_32' title="bbox 157 2994 1271 3063; baseline -0.004 -14"><span class='ocrx_word' id='word_1_306' title='bbox 157 2998 241 3063; x_wconf 79' lang='lat' dir='ltr'>Sorpe</span> <span class='ocrx_word' id='word_1_307' title='bbox 262 2997 312 3063; x_wconf 76' lang='lat' dir='ltr'>[dr</span> <span class='ocrx_word' id='word_1_308' title='bbox 336 3000 388 3050; x_wconf 85' lang='lat' dir='ltr'>dae</span> <span class='ocrx_word' id='word_1_309' title='bbox 415 2998 493 3051; x_wconf 82' lang='lat' dir='ltr'>Woltl</span> <span class='ocrx_word' id='word_1_310' title='bbox 517 3000 566 3051; x_wconf 87' lang='lat' dir='ltr'>der</span> <span class='ocrx_word' id='word_1_311' title='bbox 589 2998 689 3051; x_wconf 84' lang='lat' dir='ltr'>Unter·</span> <span class='ocrx_word' id='word_1_312' title='bbox 738 2994 1271 3061; x_wconf 83' lang='lat' dir='ltr'>dieWorteein‚,tbetslicblicberZu-</span> 
     </span>
     <span class='ocr_line' id='line_1_33' title="bbox 156 3061 1194 3131; baseline -0.002 -14"><span class='ocrx_word' id='word_1_313' title='bbox 156 3066 286 3131; x_wconf 77' lang='lat' dir='ltr'>pedaneo.</span> <span class='ocrx_word' id='word_1_314' title='bbox 738 3064 821 3116; x_wconf 83' lang='lat' dir='ltr'>setz“</span> <span class='ocrx_word' id='word_1_315' title='bbox 834 3065 884 3117; x_wconf 88' lang='lat' dir='ltr'>des</span> <span class='ocrx_word' id='word_1_316' title='bbox 896 3063 1107 3117; x_wconf 87' lang='lat' dir='ltr'>Scbreibenden</span> <span class='ocrx_word' id='word_1_317' title='bbox 1120 3061 1194 3116; x_wconf 85' lang='lat' dir='ltr'>sind.</span> 
     </span>
    </p>

    <p class='ocr_par' dir='ltr' id='par_1_6' title="bbox 158 3130 1348 4277">
     <span class='ocr_line' id='line_1_34' title="bbox 191 3130 1268 3201; baseline -0.002 -17"><span class='ocrx_word' id='word_1_318' title='bbox 191 3136 233 3185; x_wconf 79' lang='lat'>23.</span> <span class='ocrx_word' id='word_1_319' title='bbox 251 3152 269 3184; x_wconf 86' lang='lat' dir='ltr'>a</span> <span class='ocrx_word' id='word_1_320' title='bbox 279 3131 477 3201; x_wconf 77' lang='lat' dir='ltr'>Xenophonte]</span> <span class='ocrx_word' id='word_1_321' title='bbox 488 3133 517 3185; x_wconf 90' lang='lat' dir='ltr'>in</span> <span class='ocrx_word' id='word_1_322' title='bbox 527 3133 621 3187; x_wconf 83' lang='lat' dir='ltr'>seiner</span> <span class='ocrx_word' id='word_1_323' title='bbox 631 3132 689 3199; x_wconf 82' lang='lat' dir='ltr'>Cy·</span> <span class='ocrx_word' id='word_1_324' title='bbox 773 3135 815 3185; x_wconf 73' lang='lat'>25.</span> <span class='ocrx_word' id='word_1_325' title='bbox 833 3132 914 3184; x_wconf 80' lang='lat' dir='ltr'>cuiue</span> <span class='ocrx_word' id='word_1_326' title='bbox 929 3130 1054 3197; x_wconf 72' lang='lat' dir='ltr'>perceris]</span> <span class='ocrx_word' id='word_1_327' title='bbox 1075 3132 1222 3193; x_wconf 80' lang='lat' dir='ltr'>S.z.§1&#39;l.</span> <span class='ocrx_word' id='word_1_328' title='bbox 1241 3156 1268 3165; x_wconf 92' lang='lat'>·-</span> 
     </span>
     <span class='ocr_line' id='line_1_35' title="bbox 158 3196 1272 3316; baseline -0.005 -64"><span class='ocrx_word' id='word_1_329' title='bbox 158 3200 289 3269; x_wconf 66' lang='lat' dir='ltr'>ropddie,</span> <span class='ocrx_word' id='word_1_330' title='bbox 307 3200 337 3252; x_wconf 90' lang='lat' dir='ltr'>in</span> <span class='ocrx_word' id='word_1_331' title='bbox 353 3202 404 3253; x_wconf 90' lang='lat' dir='ltr'>der</span> <span class='ocrx_word' id='word_1_332' title='bbox 420 3201 547 3270; x_wconf 87' lang='lat' dir='ltr'>Xenopb.</span> <span class='ocrx_word' id='word_1_333' title='bbox 566 3200 620 3253; x_wconf 91' lang='lat' dir='ltr'>deu</span> <span class='ocrx_word' id='word_1_334' title='bbox 633 3200 691 3267; x_wconf 81' lang='lat' dir='ltr'>Cy·</span> <span class='ocrx_word' id='word_1_335' title='bbox 739 3196 924 3316; x_wconf 39' lang='lat' dir='ltr'>deitatibus&amp;</span> <span class='ocrx_word' id='word_1_336' title='bbox 938 3199 989 3251; x_wconf 90' lang='lat' dir='ltr'>der</span> <span class='ocrx_word' id='word_1_337' title='bbox 1004 3197 1105 3263; x_wconf 85' lang='lat' dir='ltr'>Detiv,</span> <span class='ocrx_word' id='word_1_338' title='bbox 1129 3196 1194 3249; x_wconf 84' lang='lat' dir='ltr'>weil</span> <span class='ocrx_word' id='word_1_339' title='bbox 1211 3196 1272 3274; x_wconf 60' lang='lat' dir='ltr'>higr</span> 
     </span>
     <span class='ocr_line' id='line_1_36' title="bbox 159 3264 1274 3328; baseline -0.005 -9"><span class='ocrx_word' id='word_1_340' title='bbox 159 3284 207 3319; x_wconf 88' lang='lat' dir='ltr'>rus</span> <span class='ocrx_word' id='word_1_341' title='bbox 226 3267 303 3320; x_wconf 86' lang='lat' dir='ltr'>nicht</span> <span class='ocrx_word' id='word_1_342' title='bbox 319 3270 370 3321; x_wconf 89' lang='lat' dir='ltr'>der</span> <span class='ocrx_word' id='word_1_343' title='bbox 386 3268 574 3321; x_wconf 83' lang='lat' dir='ltr'>historischen</span> <span class='ocrx_word' id='word_1_344' title='bbox 586 3268 690 3319; x_wconf 81' lang='lat' dir='ltr'>Wehr-</span> <span class='ocrx_word' id='word_1_345' title='bbox 741 3266 817 3319; x_wconf 85' lang='lat' dir='ltr'>mehr</span> <span class='ocrx_word' id='word_1_346' title='bbox 846 3266 877 3317; x_wconf 85' lang='lat' dir='ltr'>in</span> <span class='ocrx_word' id='word_1_347' title='bbox 926 3264 1038 3317; x_wconf 85' lang='lat' dir='ltr'>etracbt</span> <span class='ocrx_word' id='word_1_348' title='bbox 1065 3265 1184 3327; x_wconf 81' lang='lat' dir='ltr'>komrnt,</span> <span class='ocrx_word' id='word_1_349' title='bbox 1213 3266 1274 3328; x_wconf 73' lang='lat' dir='ltr'>for</span> 
     </span>
     <span class='ocr_line' id='line_1_37' title="bbox 159 3328 1274 3401; baseline -0.005 -15"><span class='ocrx_word' id='word_1_350' title='bbox 159 3335 218 3387; x_wconf 84' lang='lat' dir='ltr'>heit</span> <span class='ocrx_word' id='word_1_351' title='bbox 233 3336 353 3401; x_wconf 73' lang='lat' dir='ltr'>gentse,</span> <span class='ocrx_word' id='word_1_352' title='bbox 371 3337 492 3388; x_wconf 87' lang='lat' dir='ltr'>sondern</span> <span class='ocrx_word' id='word_1_353' title='bbox 511 3336 582 3389; x_wconf 85' lang='lat' dir='ltr'>nach</span> <span class='ocrx_word' id='word_1_354' title='bbox 600 3336 690 3401; x_wconf 86' lang='lat' dir='ltr'>einern</span> <span class='ocrx_word' id='word_1_355' title='bbox 742 3351 818 3398; x_wconf 83' lang='lat' dir='ltr'>wen,</span> <span class='ocrx_word' id='word_1_356' title='bbox 833 3334 875 3385; x_wconf 85' lang='lat' dir='ltr'>als</span> <span class='ocrx_word' id='word_1_357' title='bbox 891 3350 958 3385; x_wconf 81' lang='lat' dir='ltr'>oon</span> <span class='ocrx_word' id='word_1_358' title='bbox 975 3349 1045 3383; x_wconf 82' lang='lat' dir='ltr'>wem</span> <span class='ocrx_word' id='word_1_359' title='bbox 1063 3331 1108 3383; x_wconf 85' lang='lat' dir='ltr'>die</span> <span class='ocrx_word' id='word_1_360' title='bbox 1131 3328 1274 3382; x_wconf 85' lang='lat' dir='ltr'>Schulden</span> 
     </span>
     <span class='ocr_line' id='line_1_38' title="bbox 160 3398 1275 3465; baseline -0.006 -11"><span class='ocrx_word' id='word_1_361' title='bbox 160 3402 264 3455; x_wconf 87' lang='lat' dir='ltr'>seinem</span> <span class='ocrx_word' id='word_1_362' title='bbox 299 3402 397 3455; x_wconf 86' lang='lat' dir='ltr'>Geiste</span> <span class='ocrx_word' id='word_1_363' title='bbox 433 3404 691 3457; x_wconf 84' lang='lat' dir='ltr'>vorschwebenden</span> <span class='ocrx_word' id='word_1_364' title='bbox 742 3400 902 3453; x_wconf 87' lang='lat' dir='ltr'>contrahirt</span> <span class='ocrx_word' id='word_1_365' title='bbox 912 3400 1039 3452; x_wconf 81' lang='lat' dir='ltr'>worden.</span> <span class='ocrx_word' id='word_1_366' title='bbox 1057 3426 1085 3435; x_wconf 87' lang='lat'><em>-</em></span> <span class='ocrx_word' id='word_1_367' title='bbox 1100 3398 1275 3465; x_wconf 80' lang='lat' dir='ltr'>optimatium</span> 
     </span>
     <span class='ocr_line' id='line_1_39' title="bbox 159 3464 1273 3537; baseline -0.006 -16"><span class='ocrx_word' id='word_1_368' title='bbox 159 3469 237 3523; x_wconf 80' lang='lat' dir='ltr'>ideal</span> <span class='ocrx_word' id='word_1_369' title='bbox 259 3470 337 3523; x_wconf 86' lang='lat' dir='ltr'>eines</span> <span class='ocrx_word' id='word_1_370' title='bbox 354 3470 504 3537; x_wconf 79' lang='lat' dir='ltr'>gerecbten</span> <span class='ocrx_word' id='word_1_371' title='bbox 519 3470 692 3523; x_wconf 86' lang='lat' dir='ltr'>Herrscbers</span> <span class='ocrx_word' id='word_1_372' title='bbox 734 3468 882 3534; x_wconf 70' lang='lat' dir='ltr'>=conciliis]</span> <span class='ocrx_word' id='word_1_373' title='bbox 901 3467 954 3519; x_wconf 87' lang='lat' dir='ltr'>Die</span> <span class='ocrx_word' id='word_1_374' title='bbox 972 3466 1075 3531; x_wconf 82' lang='lat' dir='ltr'>Rdmer</span> <span class='ocrx_word' id='word_1_375' title='bbox 1091 3466 1228 3516; x_wconf 87' lang='lat' dir='ltr'>brachten</span> <span class='ocrx_word' id='word_1_376' title='bbox 1244 3464 1273 3514; x_wconf 90' lang='lat' dir='ltr'>in</span> 
     </span>
     <span class='ocr_line' id='line_1_40' title="bbox 159 3532 1274 3604; baseline -0.007 -14"><span class='ocrx_word' id='word_1_377' title='bbox 159 3537 317 3590; x_wconf 85' lang='lat' dir='ltr'>bescbrieb.</span> <span class='ocrx_word' id='word_1_378' title='bbox 334 3566 366 3575; x_wconf 92' lang='lat'><em>-</em></span> <span class='ocrx_word' id='word_1_379' title='bbox 383 3554 451 3604; x_wconf 78' lang='lat' dir='ltr'>quos</span> <span class='ocrx_word' id='word_1_380' title='bbox 486 3538 577 3589; x_wconf 82' lang='lat' dir='ltr'>uidem</span> <span class='ocrx_word' id='word_1_381' title='bbox 593 3566 625 3575; x_wconf 93' lang='lat'>-</span> <span class='ocrx_word' id='word_1_382' title='bbox 642 3538 693 3587; x_wconf 80' lang='lat' dir='ltr'>im·</span> <span class='ocrx_word' id='word_1_383' title='bbox 742 3536 797 3587; x_wconf 88' lang='lat' dir='ltr'>den</span> <span class='ocrx_word' id='word_1_384' title='bbox 809 3535 893 3587; x_wconf 88' lang='lat' dir='ltr'>ibnen</span> <span class='ocrx_word' id='word_1_385' title='bbox 912 3533 1140 3585; x_wconf 83' lang='lat' dir='ltr'>unterworfenen</span> <span class='ocrx_word' id='word_1_386' title='bbox 1156 3532 1274 3584; x_wconf 82' lang='lat' dir='ltr'>Stlidten</span> 
     </span>
     <span class='ocr_line' id='line_1_41' title="bbox 159 3556 1278 3677; baseline -0.006 -21"><span class='ocrx_word' id='word_1_387' title='bbox 159 3604 248 3673; x_wconf 82' lang='lat' dir='ltr'>perii]</span> <span class='ocrx_word' id='word_1_388' title='bbox 267 3604 431 3657; x_wconf 84' lang='lat' dir='ltr'>DieWorte</span> <span class='ocrx_word' id='word_1_389' title='bbox 448 3556 542 3657; x_wconf 66' lang='lat' dir='ltr'>bbden</span> <span class='ocrx_word' id='word_1_390' title='bbox 563 3604 692 3657; x_wconf 87' lang='lat' dir='ltr'>einePa-</span> <span class='ocrx_word' id='word_1_391' title='bbox 741 3602 788 3654; x_wconf 84' lang='lat' dir='ltr'>die</span> <span class='ocrx_word' id='word_1_392' title='bbox 817 3600 994 3654; x_wconf 87' lang='lat' dir='ltr'>Vornebrneu</span> <span class='ocrx_word' id='word_1_393' title='bbox 1027 3617 1078 3651; x_wconf 82' lang='lat' dir='ltr'>zur</span> <span class='ocrx_word' id='word_1_394' title='bbox 1106 3598 1278 3677; x_wconf 68' lang='lat' dir='ltr'>Herrscbnft</span> 
     </span>
     <span class='ocr_line' id='line_1_42' title="bbox 160 3666 1278 3737; baseline -0.006 -14"><span class='ocrx_word' id='word_1_395' title='bbox 160 3672 304 3737; x_wconf 82' lang='lat' dir='ltr'>renthese,</span> <span class='ocrx_word' id='word_1_396' title='bbox 328 3672 434 3725; x_wconf 82' lang='lat' dir='ltr'>welche</span> <span class='ocrx_word' id='word_1_397' title='bbox 452 3670 497 3724; x_wconf 88' lang='lat' dir='ltr'>die</span> <span class='ocrx_word' id='word_1_398' title='bbox 517 3671 695 3724; x_wconf 82' lang='lat' dir='ltr'>enakolutbi-</span> <span class='ocrx_word' id='word_1_399' title='bbox 743 3671 800 3722; x_wconf 93' lang='lat' dir='ltr'>und</span> <span class='ocrx_word' id='word_1_400' title='bbox 818 3669 990 3721; x_wconf 84' lang='lat' dir='ltr'>verflocbteu</span> <span class='ocrx_word' id='word_1_401' title='bbox 1009 3668 1050 3721; x_wconf 84' lang='lat' dir='ltr'>sie</span> <span class='ocrx_word' id='word_1_402' title='bbox 1068 3684 1098 3719; x_wconf 83' lang='lat' dir='ltr'>so</span> <span class='ocrx_word' id='word_1_403' title='bbox 1116 3666 1147 3718; x_wconf 89' lang='lat' dir='ltr'>in</span> <span class='ocrx_word' id='word_1_404' title='bbox 1163 3667 1214 3730; x_wconf 76' lang='lat' dir='ltr'>des</span> <span class='ocrx_word' id='word_1_405' title='bbox 1232 3667 1278 3717; x_wconf 87' lang='lat' dir='ltr'>rd-</span> 
     </span>
     <span class='ocr_line' id='line_1_43' title="bbox 162 3731 1273 3807; baseline -0.008 -15"><span class='ocrx_word' id='word_1_406' title='bbox 162 3740 225 3802; x_wconf 79' lang='lat' dir='ltr'>sche</span> <span class='ocrx_word' id='word_1_407' title='bbox 239 3740 429 3807; x_wconf 76' lang='lat' dir='ltr'>Fortsetzung</span> <span class='ocrx_word' id='word_1_408' title='bbox 446 3740 495 3792; x_wconf 86' lang='lat' dir='ltr'>des</span> <span class='ocrx_word' id='word_1_409' title='bbox 509 3740 608 3792; x_wconf 83' lang='lat' dir='ltr'>Sataes</span> <span class='ocrx_word' id='word_1_410' title='bbox 626 3756 692 3791; x_wconf 80' lang='lat' dir='ltr'>ver·</span> <span class='ocrx_word' id='word_1_411' title='bbox 742 3736 846 3790; x_wconf 86' lang='lat' dir='ltr'>mische</span> <span class='ocrx_word' id='word_1_412' title='bbox 857 3736 1010 3789; x_wconf 84' lang='lat' dir='ltr'>Interesse.</span> <span class='ocrx_word' id='word_1_413' title='bbox 1027 3764 1057 3773; x_wconf 91' lang='lat'><em>—</em></span> <span class='ocrx_word' id='word_1_414' title='bbox 1076 3736 1172 3786; x_wconf 83' lang='lat' dir='ltr'>caedes</span> <span class='ocrx_word' id='word_1_415' title='bbox 1190 3731 1273 3802; x_wconf 63' lang='lat' dir='ltr'>repr]</span> 
     </span>
     <span class='ocr_line' id='line_1_44' title="bbox 162 3801 1278 3871; baseline -0.008 -12"><span class='ocrx_word' id='word_1_416' title='bbox 162 3807 306 3860; x_wconf 84' lang='lat' dir='ltr'>rebulden.</span> <span class='ocrx_word' id='word_1_417' title='bbox 339 3807 393 3859; x_wconf 88' lang='lat' dir='ltr'>Mit</span> <span class='ocrx_word' id='word_1_418' title='bbox 409 3806 540 3861; x_wconf 80' lang='lat' dir='ltr'>illewird</span> <span class='ocrx_word' id='word_1_419' title='bbox 554 3805 603 3859; x_wconf 83' lang='lat' dir='ltr'>das</span> <span class='ocrx_word' id='word_1_420' title='bbox 617 3806 693 3859; x_wconf 81' lang='lat' dir='ltr'>Sub·</span> <span class='ocrx_word' id='word_1_421' title='bbox 743 3804 807 3856; x_wconf 90' lang='lat' dir='ltr'>Wir</span> <span class='ocrx_word' id='word_1_422' title='bbox 824 3822 923 3871; x_wconf 74' lang='lat' dir='ltr'>sagene</span> <span class='ocrx_word' id='word_1_423' title='bbox 942 3804 1005 3855; x_wconf 78' lang='lat' dir='ltr'>Deae</span> <span class='ocrx_word' id='word_1_424' title='bbox 1020 3801 1278 3855; x_wconf 83' lang='lat' dir='ltr'>Mcuebelmdrdern</span> 
     </span>
     <span class='ocr_line' id='line_1_45' title="bbox 158 3868 1279 3943; baseline -0.011 -14"><span class='ocrx_word' id='word_1_425' title='bbox 158 3876 219 3942; x_wconf 86' lang='lat' dir='ltr'>ject</span> <span class='ocrx_word' id='word_1_426' title='bbox 228 3872 349 3943; x_wconf 82' lang='lat' dir='ltr'>(Cyrus)</span> <span class='ocrx_word' id='word_1_427' title='bbox 361 3873 467 3927; x_wconf 87' lang='lat' dir='ltr'>wieder</span> <span class='ocrx_word' id='word_1_428' title='bbox 480 3876 693 3941; x_wconf 81' lang='lat' dir='ltr'>aufgenommen</span> <span class='ocrx_word' id='word_1_429' title='bbox 744 3870 864 3923; x_wconf 79' lang='lat' dir='ltr'>Eietalr</span> <span class='ocrx_word' id='word_1_430' title='bbox 876 3872 956 3925; x_wconf 76' lang='lat' dir='ltr'>thaan.</span> <span class='ocrx_word' id='word_1_431' title='bbox 967 3898 996 3907; x_wconf 91' lang='lat'><em>-</em></span> <span class='ocrx_word' id='word_1_432' title='bbox 1007 3868 1151 3935; x_wconf 78' lang='lat' dir='ltr'>itinerum]</span> <span class='ocrx_word' id='word_1_433' title='bbox 1164 3869 1279 3934; x_wconf 75' lang='lat' dir='ltr'>eusdem</span> 
     </span>
     <span class='ocr_line' id='line_1_46' title="bbox 162 3936 1348 4010; baseline -0.008 -15"><span class='ocrx_word' id='word_1_434' title='bbox 162 3944 218 3995; x_wconf 88' lang='lat' dir='ltr'>und</span> <span class='ocrx_word' id='word_1_435' title='bbox 237 3959 323 4010; x_wconf 78' lang='lat' dir='ltr'>eaque</span> <span class='ocrx_word' id='word_1_436' title='bbox 338 3941 451 3994; x_wconf 83' lang='lat' dir='ltr'>beaiebt</span> <span class='ocrx_word' id='word_1_437' title='bbox 468 3941 694 4007; x_wconf 79' lang='lat' dir='ltr'>sicbaulpraor&#39;-</span> <span class='ocrx_word' id='word_1_438' title='bbox 745 3941 885 3993; x_wconf 80' lang='lat' dir='ltr'>Straseen.</span> <span class='ocrx_word' id='word_1_439' title='bbox 907 3966 942 3976; x_wconf 92' lang='lat'><em>-</em></span> <span class='ocrx_word' id='word_1_440' title='bbox 964 3936 1147 4003; x_wconf 76' lang='lat' dir='ltr'>columniam]</span> <span class='ocrx_word' id='word_1_441' title='bbox 1173 3936 1278 3987; x_wconf 83' lang='lat' dir='ltr'>Verres</span> <span class='ocrx_word' id='word_1_442' title='bbox 1344 3968 1348 3974; x_wconf 39' lang='lat'><strong>⁴</strong></span> 
     </span>
     <span class='ocr_line' id='line_1_47' title="bbox 162 4002 1279 4080; baseline -0.008 -19"><span class='ocrx_word' id='word_1_443' title='bbox 162 4017 206 4063; x_wconf 83' lang='lat' dir='ltr'>tos</span> <span class='ocrx_word' id='word_1_444' title='bbox 219 4010 277 4063; x_wconf 91' lang='lat' dir='ltr'>und</span> <span class='ocrx_word' id='word_1_445' title='bbox 289 4010 411 4061; x_wconf 82' lang='lat' dir='ltr'>comitae.</span> <span class='ocrx_word' id='word_1_446' title='bbox 425 4038 456 4046; x_wconf 94' lang='lat'><em>-</em></span> <span class='ocrx_word' id='word_1_447' title='bbox 469 4008 639 4075; x_wconf 72' lang='lat' dir='ltr'>Africanus]</span> <span class='ocrx_word' id='word_1_448' title='bbox 654 4026 696 4060; x_wconf 89' lang='lat' dir='ltr'>sc.</span> <span class='ocrx_word' id='word_1_449' title='bbox 746 4006 825 4073; x_wconf 85' lang='lat' dir='ltr'>giebt</span> <span class='ocrx_word' id='word_1_450' title='bbox 834 4006 879 4059; x_wconf 89' lang='lat' dir='ltr'>ein</span> <span class='ocrx_word' id='word_1_451' title='bbox 886 4005 1011 4073; x_wconf 88' lang='lat' dir='ltr'>Beispiel</span> <span class='ocrx_word' id='word_1_452' title='bbox 1023 4022 1077 4057; x_wconf 80' lang='lat' dir='ltr'>ron</span> <span class='ocrx_word' id='word_1_453' title='bbox 1086 4004 1199 4056; x_wconf 84' lang='lat' dir='ltr'>soleben</span> <span class='ocrx_word' id='word_1_454' title='bbox 1209 4002 1279 4080; x_wconf 75' lang='lat' dir='ltr'>l’rd-</span> 
     </span>
     <span class='ocr_line' id='line_1_48' title="bbox 162 4069 1279 4143; baseline -0.01 -14"><span class='ocrx_word' id='word_1_455' title='bbox 162 4078 261 4133; x_wconf 82' lang='lat' dir='ltr'>minor.</span> <span class='ocrx_word' id='word_1_456' title='bbox 284 4105 317 4113; x_wconf 94' lang='lat'><em>-</em></span> <span class='ocrx_word' id='word_1_457' title='bbox 339 4076 397 4143; x_wconf 79' lang='lat' dir='ltr'>itu]</span> <span class='ocrx_word' id='word_1_458' title='bbox 416 4094 459 4141; x_wconf 87' lang='lat' dir='ltr'>eo,</span> <span class='ocrx_word' id='word_1_459' title='bbox 476 4084 560 4128; x_wconf 72' lang='lat' dir='ltr'>canter</span> <span class='ocrx_word' id='word_1_460' title='bbox 577 4078 625 4128; x_wconf 86' lang='lat' dir='ltr'>der</span> <span class='ocrx_word' id='word_1_461' title='bbox 642 4077 695 4127; x_wconf 88' lang='lat' dir='ltr'>Be·</span> <span class='ocrx_word' id='word_1_462' title='bbox 746 4082 843 4137; x_wconf 84' lang='lat' dir='ltr'>¹turen,</span> <span class='ocrx_word' id='word_1_463' title='bbox 873 4072 918 4125; x_wconf 82' lang='lat' dir='ltr'>die</span> <span class='ocrx_word' id='word_1_464' title='bbox 946 4074 1113 4139; x_wconf 79' lang='lat' dir='ltr'>gedungene</span> <span class='ocrx_word' id='word_1_465' title='bbox 1136 4069 1279 4134; x_wconf 81' lang='lat' dir='ltr'>Ankldger</span> 
     </span>
     <span class='ocr_line' id='line_1_49' title="bbox 163 4134 1279 4213; baseline -0.012 -16"><span class='ocrx_word' id='word_1_466' title='bbox 163 4146 298 4211; x_wconf 58' lang='lat' dir='ltr'>dippum.</span> <span class='ocrx_word' id='word_1_467' title='bbox 309 4173 342 4184; x_wconf 85' lang='lat'>-</span> <span class='ocrx_word' id='word_1_468' title='bbox 352 4145 389 4197; x_wconf 85' lang='lat' dir='ltr'>ad</span> <span class='ocrx_word' id='word_1_469' title='bbox 398 4142 484 4211; x_wconf 80' lang='lat' dir='ltr'>puae]</span> <span class='ocrx_word' id='word_1_470' title='bbox 498 4151 602 4211; x_wconf 63' lang='lat' dir='ltr'>,muter</span> <span class='ocrx_word' id='word_1_471' title='bbox 612 4144 696 4196; x_wconf 81' lang='lat' dir='ltr'>deren</span> <span class='ocrx_word' id='word_1_472' title='bbox 746 4158 835 4209; x_wconf 80' lang='lat' dir='ltr'>gagen</span> <span class='ocrx_word' id='word_1_473' title='bbox 849 4141 896 4193; x_wconf 88' lang='lat' dir='ltr'>die</span> <span class='ocrx_word' id='word_1_474' title='bbox 908 4140 1032 4192; x_wconf 89' lang='lat' dir='ltr'>Reieben</span> <span class='ocrx_word' id='word_1_475' title='bbox 1051 4140 1193 4191; x_wconf 78' lang='lat' dir='ltr'>austreten</span> <span class='ocrx_word' id='word_1_476' title='bbox 1212 4134 1279 4213; x_wconf 73' lang='lat' dir='ltr'>lies-</span> 
     </span>
     <span class='ocr_line' id='line_1_50' title="bbox 162 4200 1280 4277; baseline -0.013 -12"><span class='ocrx_word' id='word_1_477' title='bbox 162 4212 360 4277; x_wconf 78' lang='lat' dir='ltr'>Herraclroft.“</span> <span class='ocrx_word' id='word_1_478' title='bbox 746 4228 810 4273; x_wconf 84' lang='lat' dir='ltr'>sen,</span> <span class='ocrx_word' id='word_1_479' title='bbox 826 4226 869 4261; x_wconf 86' lang='lat' dir='ltr'>urn</span> <span class='ocrx_word' id='word_1_480' title='bbox 882 4225 933 4261; x_wconf 86' lang='lat' dir='ltr'>aus</span> <span class='ocrx_word' id='word_1_481' title='bbox 946 4208 1000 4260; x_wconf 88' lang='lat' dir='ltr'>deu</span> <span class='ocrx_word' id='word_1_482' title='bbox 1013 4206 1123 4272; x_wconf 81' lang='lat' dir='ltr'>Klagen</span> <span class='ocrx_word' id='word_1_483' title='bbox 1135 4200 1280 4253; x_wconf 83' lang='lat' dir='ltr'>Vortherle</span> 
     </span>
    </p>
   </div>
   <div class='ocr_carea' id='block_1_6' title="bbox 215 4299 1078 4357">
    <p class='ocr_par' dir='ltr' id='par_1_7' title="bbox 215 4299 1078 4357">
     <span class='ocr_line' id='line_1_51' title="bbox 215 4299 1078 4357; baseline -0.005 -13"><span class='ocrx_word' id='word_1_484' title='bbox 215 4300 293 4357; x_wconf 79' lang='lat' dir='ltr'>Frey&#39;,</span> <span class='ocrx_word' id='word_1_485' title='bbox 308 4304 392 4346; x_wconf 86' lang='lat' dir='ltr'>Ciceros</span> <span class='ocrx_word' id='word_1_486' title='bbox 405 4316 504 4357; x_wconf 71' lang='lat' dir='ltr'>ausgesm</span> <span class='ocrx_word' id='word_1_487' title='bbox 519 4300 598 4344; x_wconf 84' lang='lat' dir='ltr'>Briele.</span> <span class='ocrx_word' id='word_1_488' title='bbox 1057 4299 1078 4357; x_wconf 82' lang='grc'><strong>4</strong></span> 
     </span>
    </p>
   </div>
   <div class='ocr_carea' id='block_1_7' title="bbox 0 0 1523 4650">
    <p class='ocr_par' dir='ltr' id='par_1_8' title="bbox 0 0 1523 4650">
     <span class='ocr_line' id='line_1_52' title="bbox 0 0 1523 4650; baseline 0 0"><span class='ocrx_word' id='word_1_489' title='bbox 0 0 1523 4650; x_wconf 95' lang='lat' dir='ltr'> </span> 
     </span>
    </p>
   </div>
  </div>
 </body>
</html>
