3000 4650
413 341 428 382 ,
554 299 582 356 o.
598 250 786 357 sonnomus
801 267 905 357 cunno.
1219 292 1260 384 aa

145 467 278 545 loquere,
294 473 324 527 te
339 462 446 526 adhibe
458 465 491 524 in
505 463 676 533 eonsilium,
692 471 723 524 te
737 464 815 533 audi,
829 461 883 524 tibi
898 461 1084 542 obtempera;
1109 461 1193 524 alteri
1208 465 1259 542 qui

89 562 98 576 '
138 549 252 612 'melius
266 549 419 611 consilinm
436 549 507 610 dare
531 550 624 626 possit
638 565 726 628 quam
743 554 790 618 tu,
811 563 873 612 non
893 545 980 607 facile
1000 547 1124 608 inveniri
1143 554 1257 627 potest;

146 634 278 696 tibivero
289 634 346 712 ipsi
361 638 443 711 certe
455 631 660 698 nemomelins
676 631 765 693 dabit.
795 631 840 693 Dii
853 629 1047 692 immortales!
1062 649 1116 692 cur
1132 647 1187 708 ego
1198 649 1258 690 non

142 718 249 779 adsum
272 716 318 794 vel
339 713 487 796 spectator
507 717 627 777 laudum
652 724 771 777 tuarum
792 715 838 776 vel
858 715 1005 794 particeps
1028 715 1073 777 vel
1096 716 1194 776 socius
1213 715 1259 777 vel

145 804 279 864 minister
300 800 511 863 consiliorum?
543 800 673 862 Tametsi
690 801 749 861 boc
765 801 885 862 ndnime
900 797 955 860 tibi
973 798 1070 869 deest,
1091 800 1143 860 sed
1158 806 1256 862 tamen

141 880 467 965 efiiceret'magnitudo
482 884 563 946 etvis
575 880 689 946 'amoris
699 885 768 954 mei,
789 882 911 944 consilio
923 890 953 944 te
967 889 999 943 ut
1014 901 1132 962 possem
1146 884 1255 946 iuvare.
1364 933 1366 938 κ

143 969 281 1033 Scribam
296 970 333 1031 ad
348 979 377 1032 te
391 969 478 1051 plura
491 968 577 1032 alias:
600 971 702 1046 paucis
722 970 802 1030 enim
817 967 921 1029 diebus
936 985 1017 1030 eram
1038 968 1181 1029 missurus
1201 969 1253 1030 do·
1277 977 1296 1038 3
1324 1009 1328 1031 .

81 1068 89 1089 ·
144 1056 284 1117 mesticos
296 1054 476 1125 tabellarios,
491 1061 534 1123 ut,
552 1056 691 1134 qnoniam
708 1070 781 1114 sane
796 1051 920 1114 feliciter
936 1059 964 1112 et
980 1071 1016 1113 ex
1031 1070 1095 1118 mea
1113 1054 1256 1123 sententia

142 1138 373 1218 rempublicam
388 1140 548 1217 gessimus,
569 1139 637 1200 unis
655 1137 760 1217 litteris
784 1138 871 1208 totius
892 1137 1009 1198 aestatis
1032 1155 1082 1198 res
1099 1143 1196 1216 gestas
1219 1139 1256 1200 ad

141 1230 278 1284 senatum
299 1223 525 1302 perscriberem.
573 1222 616 1282 De
640 1222 806 1282 sacerdotio
826 1228 877 1281 tuo
899 1227 1036 1299 mentam
1055 1239 1153 1282 curam
1174 1221 1256 1282 adhi-

143 1306 278 1378 buerim,
302 1320 480 1388 quamquam
505 1305 615 1368 cubedi
638 1309 669 1366 in
688 1323 722 1366 re
746 1312 834 1388 atque
855 1322 957 1376 causa,
979 1322 1141 1382 cognosces
1162 1325 1198 1366 ex
1220 1306 1255 1367 iis
1372 1315 1373 1320 ’

142 1389 264 1460 litteris,
284 1410 358 1472 quas
372 1391 532 1464 Thrasoni,
549 1390 657 1451 liberto
672 1398 739 1461 tuo,
756 1389 832 1451 dedi.
876 1389 936 1461 Tc,
955 1391 996 1450 mi
1014 1389 1116 1460 Curio,
1132 1409 1188 1471 pro
1204 1398 1252 1452 tna
1275 1399 1296 1457 4
1349 1387 1351 1390 ’

141 1474 311 1536 incredibili
323 1477 354 1538 in
371 1495 419 1546 me
432 1474 637 1541 benevolentia
655 1493 778 1555 meaque
793 1474 862 1537 item
879 1475 909 1534 in
922 1480 952 1534 te
967 1472 1108 1552 singulari
1123 1492 1196 1552 rogo
1212 1482 1254 1536 at·

138 1577 202 1638 que
218 1577 286 1630 oro,
302 1579 340 1620 ne
354 1561 466 1647 patiare
480 1561 639 1640 quidquam
650 1559 724 1620 milri
734 1559 772 1620 ad
783 1558 860 1619 hanc
871 1557 1080 1636 provincialem
1091 1557 1255 1621 molestiam
1285 1639 1287 1642 Ι

140 1645 285 1721 temporis
301 1647 468 1725 prorogarit
496 1645 642 1705 Praesens
658 1650 758 1704 tecum
774 1643 834 1720 agi,
851 1659 918 1702 cum
932 1648 961 1703 te
974 1639 1126 1706 tribunum
1143 1643 1254 1720 pl.¹isto

140 1744 220 1790 auno
241 1728 307 1790 lore
320 1746 380 1789 non
394 1737 545 1807 putarem,
561 1731 690 1808 itemque
704 1729 793 1807 petivi
809 1744 896 1804 saepe
910 1743 965 1806 per
979 1724 1107 1795 litteras;
1122 1726 1175 1788 sed
1190 1733 1253 1787 tum

139 1812 225 1891 qnasi
242 1829 260 1872 a
274 1820 410 1874 senatore
421 1812 613 1883 nobilissimo,
622 1811 715 1894 [tum]
729 1811 915 1873 adolescente
930 1811 1018 1872 etlam
1032 1811 1251 1888 gratiosissimo,

139 1912 220 1957 nunc
235 1915 252 1956 a
266 1897 387 1959 tribuno
396 1896 438 1976 pl.
455 1906 515 1959 eta
534 1897 661 1959 Curione
673 1895 808 1971 tribuno:
822 1901 891 1955 'non
906 1903 938 1956 ut
952 1894 1129 1957 decernatur
1144 1894 1252 1974 aliquid

139 1981 210 2040 novi
225 2015 263 2024 -
280 1982 357 2059 quod
377 1981 451 2057 solet
466 1999 530 2043 esse
545 1980 691 2042 difficilius
707 2015 761 2050 —,
774 1979 826 2041 sed
839 1987 873 2039 ut
887 1996 925 2040 ne
941 1979 1012 2060 quid
1028 1979 1095 2040 novi
1109 1979 1250 2041 decerna-

139 2069 206 2133 tur;
227 2073 259 2125 ut
282 2074 312 2126 et
333 2067 426 2126 senati
448 2064 614 2126 consultum
640 2073 669 2126 et
689 2063 770 2142 leges
786 2063 940 2131 delendas,
969 2081 1061 2142 eaque
1086 2063 1156 2124 mihi
1182 2082 1251 2124 con·
1317 2076 1319 2083 ·

137 2146 216 2209 dicio
231 2156 365 2220 maneat,
381 2168 438 2230 qna
452 2151 602 2229 profectus
616 2167 690 2209 snm.
731 2148 795 2208 Hoc
809 2156 838 2208 to
856 2147 1047 2209 vehementer
1061 2148 1148 2208 etiam
1164 2155 1251 2226 atque

135 2233 227 2293 etiam
243 2249 326 2310 rogo.

137 2447 325 2514 interjection
343 2448 549 2516 eingescboben
565 2469 601 2494 =
622 2449 667 2501 icb
705 2450 772 2501 ‘ken
796 2465 831 2504 zu
855 2448 974 2513 wellen,
1004 2449 1069 2502 dass
1092 2450 1146 2502 ihm
1170 2452 1250 2504 nicht
1323 2454 1326 2457 ’

135 2514 219 2578 titre,
239 2514 407 2592 eigentlicba
424 2517 539 2571 iebwitt
549 2515 606 2568 Dir
616 2523 668 2583 put
718 2517 790 2569 noch
800 2517 851 2569 auf
859 2516 904 2569 ein
915 2515 1030 2569 zweites
1040 2518 1057 2569 J
1060 2517 1169 2570 aerie
1176 2519 1249 2571 Ver·
1270 2536 1271 2541 ¹

134 2582 197 2633 aeia
209 2582 305 2647 dafua.
319 2609 352 2619 -
367 2582 490 2635 Tametsi
496 2582 612 2650 ..deeotJ
626 2583 666 2635 ist
682 2593 687 2597 ’
717 2584 844 2651 waltung
863 2584 913 2636 der
930 2583 1054 2635 Provinz
1076 2584 1248 2655 iibertragen

138 2648 217 2700 nicht
237 2647 390 2715 eigentlicb
407 2651 591 2703 Vordersatz‘
603 2667 666 2702 zum
717 2652 825 2712 werde,
837 2652 919 2703 kebrt
928 2652 999 2703 auch
1008 2651 1038 2703 in
1049 2653 1156 2707 andern
1166 2653 1247 2706 Brie-
1324 2652 1333 2681 ⁶

136 2715 317 2783 Folgenden‚
334 2717 459 2772 sondern
475 2719 667 2773 eineverbes·
717 2720 766 2771 fen
790 2719 906 2771 wieder.
942 2718 992 2773 Als
1009 2719 1122 2772 Tribnn
1141 2720 1247 2774 konnte
1401 2718 1404 2725 ’

136 2784 241 2836 sernde
259 2784 438 2853 Bemerkung
461 2802 524 2843 anm
542 2786 666 2842 Vorher-
716 2786 805 2839 Curio
831 2786 921 2839 einem
938 2786 1079 2853 etwaigen
1098 2786 1247 2855 ungrinsti-

133 2850 295 2917 gebenden‚
315 2852 576 2911 dahereedtomen
605 2854 666 2911 Der
716 2870 772 2921 gen
796 2852 1064 2914 Senatsbescblusse
1093 2854 1251 2908 intercedi-⁴

131 2916 208 2984 ¹Sinn
224 2918 277 2970 ist:
300 2921 417 2972 Warum
433 2919 508 2973 kann
526 2920 571 2981 icb
587 2920 666 2972 nicbt
716 2937 768 2972 ren
782 2921 968 2987 (nepotiane).
987 2948 1018 2957 —
1035 2937 1093 2983 non
1104 2922 1246 2990 putarem]

135 2985 182 3036 bei
195 2985 249 3037 Dir
269 2986 352 3039 sein?
374 2987 484 3040 obwobl
505 3006 536 3040 es
556 2988 609 3040 nir
629 3005 665 3040 an
717 2987 853 3041 decurio
871 2994 932 3041 erat
949 2988 1058 3056 opiter,
1078 2987 1119 3039 als
1138 2989 1183 3041 ein
1195 2990 1244 3042 be·

134 3050 209 3105 naen
221 3054 286 3117 (boo
302 3072 342 3109 sc.
354 3055 502 3107 consilium
515 3056 544 3107 S.
555 3055 664 3120 z.·I.18.
715 3055 787 3110 reita
811 3054 971 3124 gswtbtter.
989 3054 1102 3107 Tribnn
1126 3056 1245 3109 auriick·

136 3121 186 3184 13.)
200 3138 244 3173 am
256 3122 425 3189 Wonigsten
441 3122 528 3188 retis,
546 3124 617 3185 aber¹
634 3140 664 3177 es
691 3185 694 3192 .
715 3130 810 3177 treton
833 3130 952 3187 museto,
975 3140 1010 3175 an
1033 3124 1135 3177 descen
1156 3124 1246 3179 stelle

133 3186 213 3239 butte
225 3188 423 3243 docbu.s.w.
621 3201 627 3215 ¹
716 3190 840 3258 gewfihlt
857 3191 964 3256 warde.
989 3218 1021 3227 -
1045 3197 1072 3242 et
1089 3208 1106 3241 a
1124 3191 1246 3243 Curione

168 3257 193 3307 3.
215 3270 272 3305 rem
286 3272 315 3322 p.
327 3254 478 3323 gessimus]
493 3257 561 3307 Rem
572 3258 664 3326 publi·
713 3257 762 3325 aa]
785 3258 856 3310 und
876 3274 966 3309 zwar
986 3274 1041 3308 oon
1058 3258 1118 3309 dem
1137 3258 1244 3311 Triduo

131 3336 194 3369 cam
216 3337 310 3386 perere
333 3332 398 3391 sagt
420 3340 482 3375 man
506 3324 577 3376 auch
606 3341 663 3378 von
713 3324 808 3377 Curio.
841 3324 880 3375 Et
898 3324 975 3376 nicht
993 3324 1146 3391 etquidem
1169 3326 1245 3379 steht

132 3386 210 3450 dem,
228 3387 280 3439 der
295 3388 346 3453 sair
361 3392 416 3441 dea
428 3392 513 3442 &aar
523 3392 663 3461 ladmpst.
714 3392 763 3444 liar
776 3393 826 3443 das
839 3392 973 3444 deutsche
986 3393 1046 3443 und
1058 3408 1148 3457 amor,
1160 3409 1244 3445 wenn
1260 3391 1264 3399 ’

131 3452 236 3533 {liceto
258 3454 347 3508 meiat
365 3458 444 3510 seina
461 3458 663 3539 Kriegstbaten
714 3460 761 3511 ein
778 3460 863 3511 Wort
880 3474 930 3510 aus
949 3459 1010 3511 dem
1028 3458 1243 3526 Vorhergeben-

130 3537 162 3571 in
174 3520 307 3575 Cilicien.
332 3524 427 3591 Vergl.
437 3525 507 3579 fiber
518 3526 666 3579 dreselben
715 3527 770 3579 den
782 3526 832 3578 mit
845 3526 935 3579 einem
948 3525 1173 3579 verstbrkenden
1188 3528 1244 3579 Zu-

130 3587 666 3661 II.29.—Derocerdotio]0uriobe-
714 3602 793 3648 satze
809 3592 1077 3648 wiederholtwird.
1101 3594 1186 3647 Catil.
1204 3594 1243 3649 ΙΙ.
1307 3637 1311 3656 ,

130 3656 211 3707 warb
234 3656 295 3709 sicu
318 3675 363 3711 um
387 3660 433 3714 die
454 3660 544 3713 Stella
569 3661 663 3715 seinos
714 3664 741 3713 8.
755 3665 795 3713 l'l.
819 3662 873 3713 Sed
889 3678 941 3713 eur
956 3662 1065 3713 tamdiu
1080 3662 1243 3714 deunobo-

130 3722 235 3775 Vetere
252 3732 336 3777 anter
352 3727 407 3779 den
425 3728 595 3793 Pontifices,
614 3730 662 3783 ob·
713 3726 754 3781 ote
771 3728 923 3795 loquimur,
947 3735 974 3781 et
990 3730 1066 3781 deco
1083 3729 1174 3793 boote,
1193 3730 1253 3797 quia

106 3788 203 3886 {wohl
221 3807 253 3845 er
271 3793 343 3845 noch
358 3811 394 3847 nu
408 3796 481 3863 jung
498 3812 568 3849 war.
579 3822 614 3857 ··.·
629 3796 661 3848 in
711 3796 769 3848 inm
779 3798 888 3863 fatetur
900 3812 929 3847 ee
945 3812 1003 3847 esse
1019 3796 1131 3848 bootem.
1150 3824 1182 3834 -
1200 3796 1251 3879 cre-g

128 3874 160 3907 re
171 3865 256 3925 etque
267 3862 374 3928 cauea]
391 3880 436 3915 ree
454 3862 494 3915 ist
509 3862 548 3916 all
568 3863 659 3920 emein
711 3864 775 3917 noti
790 3862 964 3931 coasultum]
984 3863 1117 3917 Gemeint
1132 3860 1172 3917 ist
1189 3864 1240 3917 der

104 3891 175 4005 ldie
192 3942 282 3993 ganze
294 3928 385 3981 Seclre
400 3930 470 3983 oder
480 3880 660 3999 Angebagan-
710 3930 976 3995 Senatsbesebluss,
994 3930 1128 3983 wodurcb
1139 3930 1240 3983 Cicero

101 3986 109 4017 ⁸
129 3990 200 4073 bert,
213 4012 303 4048 cauno
315 3995 366 4048 der
378 3996 487 4061 Punlrt,
501 4014 546 4051 um
559 3998 657 4051 denes
710 3998 757 4051 die
775 3997 1032 4065 Civilverwaltung
1048 3998 1099 4049 der
1115 3998 1240 4051 Prorinz

128 4059 210 4113 siclis
232 4062 657 4130 eciellbundelt‚aloorasbier
709 4066 761 4117 anf
781 4064 837 4117 ein
853 4064 922 4119 taur
944 4062 1090 4118 verlieben
1112 4065 1239 4129 worden,
1299 4103 1307 4111 .

127 4125 176 4205 die
193 4078 275 4182 ibant
298 4130 377 4183 eines
395 4131 544 4198 Pontifex,
568 4150 657 4188 cauco
709 4133 766 4184 und
790 4132 841 4185 der
861 4130 1097 4185 Vollrsbeschluss
1122 4130 1239 4199 (leges),

126 4192 175 4245 dre
187 4196 269 4249 Wabl
282 4197 332 4251 des
339 4197 443 4253 'Curio
709 4198 760 4253 der
772 4199 827 4253 ihm
840 4198 889 4255 dns
902 4199 1051 4268 imperium
1064 4200 1198 4266 gegeben.

160 4263 187 4312 4.
199 4263 279 4330 rogo]
289 4265 375 4321 Diese
383 4266 476 4333 Bitte,
490 4266 576 4321 dobin
588 4268 657 4322 wir·
891 4292 1059 4305 ----

159 4349 241 4404 Frey‚
255 4353 339 4398 Ciceros
353 4368 452 4412 ausgew.
465 4358 545 4400 Briele.
1017 4357 1036 4417 7
