3000 4650
641 277 768 335 nuntia.

564 437 743 505 Enrsnonn
759 439 840 505 XII.

522 564 657 622 SERVIUS
681 564 829 622 CICERONI
851 565 879 621 S.

231 693 423 774 Posteaquam
436 696 507 756 mihi
521 698 721 758 renuntiatum
735 703 781 758 est
793 697 831 758 de
846 695 926 756 obitu
941 693 1071 765 luillae,
1086 694 1164 756 fillac
1177 702 1254 765 tuae,
1278 702 1294 762 l

146 797 216 839 sane
232 796 318 857 quam
334 795 388 857 pro
405 798 439 842 eo
455 800 489 841 ac
504 780 591 842 debui
608 783 734 860 graviter
748 780 931 862 molesteque
947 778 998 840 tuli
1011 797 1257 859 communemque

146 881 210 924 eam
229 861 419 925 calamitatem
437 866 614 936 exisIImavi;
631 868 696 945 qui,
722 868 747 927 si
762 868 828 926 istic
846 866 1009 935 affuissem,
1023 881 1122 944 neque
1138 863 1192 924 libi
1206 864 1257 925 de·

145 949 264 1010 fuissem
282 966 439 1028 coramque
457 967 556 1012 meum
570 950 704 1011 dolorem
720 951 772 1011 tibi
786 949 992 1011 declarassem.
1017 950 1078 1009 Etsi
1092 966 1185 1027 genus
1200 948 1258 1009 hoc

145 1032 353 1094 consolationis
369 1034 507 1095 miserum
522 1040 609 1114 atque
626 1035 766 1096 acerbum
782 1043 833 1106 est,
850 1041 1008 1113 propterea
1025 1034 1102 1112 quia,
1117 1051 1172 1112 per
1183 1050 1258 1111 quos

147 1134 180 1177 ea
197 1118 319 1179 confieri
336 1117 424 1178 debet
448 1120 631 1198 propinquos
646 1137 681 1180 ac
710 1120 882 1189 familiares,
914 1119 933 1178 ii
957 1119 1013 1197 ipsi
1035 1119 1100 1197 pari
1126 1117 1256 1180 molestia

145 1201 313 1263 alliciuntur
330 1219 427 1280 neque
440 1203 502 1263 sine
518 1202 646 1266 lacrimis
661 1205 761 1265 multis
775 1205 804 1264 id
825 1204 926 1264 conari
946 1208 1086 1282 possunt,
1107 1203 1151 1262 uti
1166 1202 1258 1280 magis

144 1285 201 1363 Ipsi
217 1285 369 1347 videantur
384 1287 507 1348 aliorum
523 1288 722 1350 consolatione
737 1289 884 1366 indigere,
901 1305 988 1366 quam
1001 1284 1064 1348 aliis
1074 1303 1161 1366 posse
1171 1303 1258 1348 snum

145 1370 274 1431 officium
294 1377 460 1449 praestare:
484 1379 581 1450 tamen
596 1391 671 1453 quae
692 1374 720 1433 ln
743 1373 908 1452 praesentia
930 1373 961 1432 ln
978 1377 1106 1432 mentem
1121 1370 1193 1433 mihi
1209 1389 1257 1430 ve-

145 1461 268 1523 nerunt,
295 1455 410 1517 decrevi
437 1456 519 1517 brevi
540 1457 576 1517 ad
597 1465 626 1518 te
655 1457 856 1537 perscribere,
882 1473 942 1516 non
962 1473 1021 1535 quo
1045 1473 1080 1517 ea
1102 1461 1132 1516 te
1154 1454 1258 1532 lugere

146 1540 318 1609 existimem,
336 1541 387 1601 sed
404 1541 482 1621 qnod
497 1542 620 1603 forsitan
636 1541 739 1603 dolore
754 1543 911 1620 impeditus
926 1542 1022 1602 minus
1038 1557 1073 1601 ea
1087 1540 1256 1619 perspicias.

146 1621 221 1692 Ouid
239 1631 291 1691 est,
308 1625 387 1703 quod
400 1632 480 1686 tanto
492 1643 584 1704 opere
599 1632 626 1688 te
639 1634 822 1688 commoveat
832 1633 901 1687 tuus
912 1624 998 1685 dolor
1009 1625 1178 1686 intestinus?
1196 1623 1251 1685 Co·
1275 1628 1294 1688 2

145 1709 212 1784 gila,
225 1709 472 1788 quemadmodum
484 1709 580 1771 adhuc
593 1713 711 1773 fortuna
723 1711 877 1772 nobiscum
890 1711 999 1787 ogerii:
1015 1727 1049 1770 ea
1061 1707 1146 1770 nobis
1156 1714 1257 1786 erepta

144 1810 222 1859 esse,
239 1810 314 1871 qnae
331 1793 496 1855 hominibus
512 1813 570 1855 non
589 1797 684 1856 miuus
700 1813 789 1874 quam
802 1793 888 1857 liberi
903 1811 971 1855 cara
985 1811 1051 1855 esse
1064 1791 1189 1863 dehent,
1207 1810 1257 1872 pn·

144 1877 245 1946 triam,
263 1877 460 1948 honestatem,
481 1880 668 1957 dignitatem,
695 1881 824 1941 honores
847 1897 959 1940 omnes.
991 1877 1054 1939 Hoc
1070 1895 1130 1938 uno
1145 1879 1257 1938 incom-

145 1962 232 2021 modo
254 1962 352 2022 addito
373 1963 443 2039 quid
465 1963 502 2024 ad
524 1963 657 2026 dolorem
679 1965 797 2042 adiungi
808 1965 928 2044 'potuit'f
950 1970 1000 2024 ant
1016 1963 1066 2040 qui
1082 1979 1141 2022 non
1156 1960 1258 2022 inillis

144 2044 234 2107 rebus
256 2048 432 2108 exercitatus
452 2050 566 2109 animus
588 2049 695 2111 callere
719 2050 777 2109 ianr
797 2048 884 2110 debet
905 2054 993 2126 atque
1016 2047 1113 2106 omnia
1135 2046 1258 2107 minoris

145 2131 327 2192 existimaret
361 2132 406 2191 An
421 2130 497 2192 illins
515 2135 622 2202 vicem,
642 2133 748 2203 credo,
767 2131 866 2194 doles?
897 2130 1017 2201 Quoties
1035 2132 1066 2190 in
1089 2148 1154 2192 eam
1173 2131 1253 2209 cogi·
1277 2135 1295 2194 3

145 2216 283 2276 talionem
301 2233 422 2276 necesse
445 2220 489 2277 est
509 2223 538 2278 et
555 2225 585 2279 tu
605 2219 720 2279 veneris
745 2224 774 2278 el
795 2235 849 2278 nos
869 2234 957 2294 saepe
980 2214 1152 2283 Incidimus,
1176 2214 1257 2275 hisee

144 2299 326 2380 temporibus
341 2317 400 2361 non
422 2302 548 2379 pessime
570 2321 637 2364 cnm
659 2303 693 2364 iis
715 2321 780 2364 esse
801 2308 915 2371 actum,
942 2299 1049 2380 quibus
1069 2299 1133 2362 sinc
1155 2297 1258 2361 dolore

143 2381 255 2445 licitum
277 2392 320 2446 est
340 2393 465 2447 mortem
487 2406 553 2449 oum
574 2389 628 2449 vita
650 2388 850 2449 commutare?
879 2386 954 2459 Quid
971 2391 1068 2446 antem
1084 2384 1153 2453 luit,
1178 2384 1257 2464 quod

144 2467 224 2529 iilam
239 2468 296 2529 hoc
311 2475 443 2548 tempore
458 2473 493 2533 ad
510 2473 662 2533 vivendum
678 2490 786 2550 magno
801 2488 892 2550 opere
902 2471 1027 2531 invitare
1042 2469 1159 2545 posset?
1181 2486 1257 2546 quae

143 2553 213 2613 res?
229 2570 304 2632 quae
318 2557 403 2633 spes?
436 2556 513 2634 quod
527 2559 614 2619 animi
629 2557 783 2618 solatium?
818 2557 856 2618 Ut
870 2573 938 2616 oum
956 2554 1053 2633 ailquo
1069 2550 1257 2613 adolescente

143 2769 281 2837 geordnet
299 2771 355 2824 und
378 2772 564 2841 catologisirt.
584 2804 618 2812 -
638 2776 677 2827 ibi
740 2773 852 2838 uncliv,
875 2771 940 2824 weil
960 2770 1084 2836 forsitan
1102 2765 1165 2822 eine
1183 2768 1256 2821 will-

145 2844 177 2895 ur
189 2838 264 2905 sint]
277 2839 328 2891 mit
340 2839 516 2909 Anslessung
529 2859 583 2894 von
596 2860 675 2895 curu.
724 2792 853 2893 ladrliche
865 2839 1009 2892 Annnhme
1020 2837 1198 2903 bezeichnet,
1212 2837 1258 2889 die

144 2904 279 2957 Aetolici
296 2906 363 2958 wir:
382 2907 447 2960 dass
461 2909 535 2960 donn
549 2908 614 2961 dort
627 2908 676 2961 ΑΙ-
728 2925 789 2960 mnu
809 2906 900 2960 selbst
916 2906 962 2958 fur
985 2903 1257 2958 unwahrsolreinliclr

144 2971 185 3024 les
197 2973 291 3025 bercit
303 2974 349 3027 ion
727 2975 795 3027 halt.

336 3070 487 3081 --—-
760 3047 785 3094 2.
803 3041 954 3093 intestinus
983 3037 1257 3091 :domesticus—

177 3109 274 3162 Errsn.
283 3110 346 3161 XII.
359 3109 494 3175 (tuoto.)
506 3110 675 3164 UeberSer-
725 3111 756 3161 in
770 3110 827 3161 illie
837 3106 934 3176 rebus]
949 3038 976 3161 J.
988 3108 1007 3161 i.
1019 3104 1050 3158 in
1059 3105 1259 3159 demVerlnrte

144 3174 207 3226 rins
220 3174 365 3243 Sulpicius
379 3193 401 3229 s.
415 3175 478 3228 Lib.
488 3178 524 3229 11.
539 3179 674 3231 Snnvrus.
721 3178 805 3245 jener
817 3177 917 3243 Dinge.
934 3204 968 3213 -
984 3173 1099 3241 callere]
1117 3174 1168 3226 das
1185 3173 1257 3227 Sim-

179 3246 202 3291 1.
222 3259 289 3294 sane
305 3241 405 3311 quam]
424 3244 554 3297 liberarer.
574 3274 606 3283 -
621 3264 673 3314 pro
726 3245 791 3313 pier
808 3244 898 3296 findet
914 3243 974 3295 sich
991 3242 1019 3294 in
1038 3241 1131 3294 dieser
1148 3241 1257 3294 Beden-

144 3326 174 3360 eo
197 3307 245 3375 nc]
266 3312 458 3377 „dempemd’sa
475 3313 555 3363 wie.“
588 3313 673 3379 Catil,
726 3312 854 3378 tungbei
867 3311 968 3364 Cicero
981 3309 1068 3361 nicht.

143 3376 209 3427 1111,
220 3380 244 3427 2.
255 3382 278 3429 3.
304 3377 377 3429 Nam
387 3380 508 3445 primum
521 3381 601 3433 debeo
614 3399 673 3450 epe·
761 3380 785 3431 3.
804 3378 901 3446 credo]
920 3378 1003 3443 wohl,
1021 3384 1103 3441 elwa,
1122 3375 1256 3427 ironisch.

144 3460 208 3493 rare
221 3460 312 3495 omnes
325 3446 389 3496 deos
402 3480 408 3497 .
421 3482 429 3497 .
441 3463 493 3513 pro
510 3465 540 3498 eo
557 3449 625 3499 mitt
642 3468 674 3501 ac
727 3476 760 3485 -
780 3446 888 3498 ueneris
909 3484 915 3496 .
938 3483 944 3496 .
966 3441 1131 3510 decidimus]
1156 3442 1257 3495 Cicero

143 3527 260 3577 mercor,
280 3513 419 3563 relaturos
432 3529 489 3565 esse
499 3517 629 3580 qratiam.
643 3544 674 3554 -
728 3532 778 3568 mn
787 3522 858 3566 sete
871 3515 989 3577 (neccsse
1001 3513 1052 3574 ert)
1066 3512 1118 3564 auf
1130 3510 1183 3563 den
1199 3512 1257 3563 Ge-

143 3595 274 3643 neque-
289 3578 354 3646 que]
375 3580 466 3646 gleich
483 3597 574 3649 neque
590 3612 622 3622 -
635 3590 673 3648 et,
726 3579 1139 3635 denkenmitBewusslsein
1150 3577 1257 3631 durch

140 3645 674 3718 jedochselten.-perquosete.]Der
725 3647 972 3715 Ueberlegung
1000 3646 1115 3714 gefrihrt
1141 3644 1256 3697 worden

143 3712 321 3767 Relativsatn
334 3714 372 3766 ist
384 3717 603 3783 vorangestellt,
617 3736 674 3769 wo·
726 3717 788 3770 sein
801 3716 949 3782 (veneria),
967 3714 1018 3767 der
1035 3714 1102 3776 ihm,
1120 3712 1181 3765 dem
1198 3713 1257 3764 Ge-

143 3781 231 3831 durch
241 3781 262 3831 ii
271 3782 326 3849 ipat
335 3782 674 3851 einengrdsserenNach-
724 3785 946 3849 schiltsmanne,
970 3799 1025 3834 nur
1041 3780 1192 3847 nufdllig
1208 3795 1256 3847 ge-

144 3848 233 3900 druclr
259 3849 357 3901 erhilt.
401 3851 537 3918 Zugleich
560 3852 599 3905 ist
622 3853 672 3905 dns
725 3850 1054 3917 irommen(indicimurl.
1079 3850 1105 3899 V
1125 3847 1255 3913 1.11.23‚

144 3915 322 3981 Subiectdes
332 3917 522 3986 Hauptsatzes
531 3920 674 3987 (propinq.
724 3924 752 3971 2.
775 3921 834 3972 Der
846 3920 913 3971 Salz
926 3918 965 3970 ist
976 3866 1190 3969 anakolutffiisch
1207 3930 1256 3981 ge-

141 3983 245 4047 somil.)
257 3983 286 4034 in
301 3983 353 4036 den
364 3986 526 4039 Nebensatz
540 4005 673 4056 gezogen.
724 3990 808 4051 baut,
826 3986 862 4038 da
874 3992 901 4037 el
912 4002 993 4053 saepe
1005 3984 1061 4035 inc.
1073 3982 1132 4035 siclt
1144 3981 1255 4034 formell

143 4077 175 4087 -
188 4050 354 4121 perspicius]
370 4052 453 4115 Quod
466 4054 515 4107 hat
531 4055 561 4109 in
579 4056 673 4109 dieser
725 4073 760 4107 an
783 4056 833 4106 dar
850 4050 1086 4119 Vorhergehende
1108 4050 1185 4102 nicht
1205 4064 1255 4100 an-

144 4118 341 4187 Verbindnng‚
368 4120 431 4172 weil
456 4139 485 4173 es
510 4123 564 4174 den
589 4124 674 4175 wirk-
724 4121 1089 4174 sclrliessenkanm-non
1100 4133 1257 4193 μουκηρ-

143 4183 235 4237 lichen
253 4188 354 4239 Grund
372 4205 406 4239 an
428 4186 502 4254 iebt,
524 4196 604 4243 sonst
620 4192 674 4243 den
724 4186 1146 4254 erum]nichramsetlectteeren
1156 4198 1202 4232 um
1212 4182 1256 4229 dec

142 4251 285 4305 Indicetlv
302 4255 348 4308 bei
365 4205 437 4323 sice,
455 4257 517 4309 itier
534 4258 589 4311 den
602 4258 675 4311 Con·
725 4258 809 4309 stede.
827 4284 859 4292 -
871 4254 931 4305 rinc
944 4250 1053 4315 dolore]
1065 4249 1142 4301 eines
1155 4245 1253 4297 nutrir-
