3000 4650
227 255 269 325 32
626 224 719 318 mssr.
736 258 839 330 norsr.
857 263 895 318 ιιι.
912 263 953 317 15,

228 428 384 492 dicendum
397 427 508 508 tibique
522 443 582 487 non
597 426 821 504 significandum
834 423 940 494 solum,
956 425 1008 485 sed
1023 425 1110 485 etiam
1127 421 1336 504 declarandum

190 522 208 583 3
231 513 368 583 arbitror,
388 511 459 574 nihil
475 511 547 572 mibi
561 528 625 572 esse
640 511 769 590 potuisse
783 512 841 571 tuis
858 507 961 571 litteris
977 510 1109 588 gratius.¹
1124 509 1168 568 td
1183 505 1338 568 consolan-

228 600 413 660 domantem
435 615 502 658 cum
517 593 565 655 illa
585 593 695 665 valent,
719 613 795 674 quae
816 594 966 671 eleganter
988 595 1166 672 copioseque
1185 590 1336 667 collegisti,

227 692 289 744 tum
311 681 384 743 nihil
405 679 471 761 plus
493 697 580 757 qnam
601 678 678 757 quod
699 678 909 740 firmitudinem
931 679 1160 755 gravitatemque
1182 674 1270 736 animi
1295 675 1338 734 tui

228 767 373 846 perspexi,
390 783 478 845 quam
495 781 554 823 non
571 764 680 824 imitari
690 764 891 842 turpissimum
904 763 1045 824 existimo.
1069 761 1170 841 ltaque
1181 760 1238 820 boc
1250 758 1337 820 etiam

228 853 379 913 fortiorem
394 868 442 910 mc
457 855 527 927 puto
544 865 632 926 quam
647 855 676 908 te
691 849 802 926 ipsum,
817 856 1041 925 praeceptorem
1055 843 1243 913 tortitudinis,
1258 841 1338 921 quod

229 946 259 996 tu
282 934 353 995 mibi
367 933 466 994 videre
484 948 566 1011 spem
588 929 760 992 nonnullam
780 929 890 992 habere
906 930 982 991 baec
994 928 1149 1009 aliqnando
1163 930 1262 989 lutura
1276 945 1339 986 me·

228 1019 310 1080 liora.
352 1017 441 1080 Casus
457 1017 534 1077 enim
550 1014 712 1092 gladiatorii
727 1015 987 1092 similitudinesque
1002 1033 1070 1083 eae,
1086 1021 1148 1074 tum
1162 1015 1291 1084 rationes
1305 1013 1338 1069 in

229 1122 263 1166 ea
293 1103 489 1182 disputatione
511 1119 527 1160 a
548 1108 577 1160 te
601 1098 740 1161 collectae
762 1099 898 1160 vetabant
922 1117 969 1159 me
992 1100 1035 1158 rei
1061 1096 1194 1176 publicae
1223 1098 1340 1175 penitus

229 1186 372 1248 diitidere.
401 1186 501 1264 ltaque
517 1185 642 1246 alterum
656 1185 753 1246 minus
769 1186 884 1252 mirum,
900 1184 1052 1243 lortiorem
1068 1190 1098 1242 te
1113 1200 1187 1251 esse,
1203 1199 1270 1242 cum
1286 1178 1340 1239 ali-

229 1271 299 1350 quid
313 1287 430 1348 speres,
454 1269 578 1330 alterum
593 1270 717 1338 mirum,
749 1286 802 1346 spe
823 1267 881 1329 ulla
903 1267 1005 1327 teneri.
1035 1266 1111 1338 Quid
1127 1273 1172 1326 est
1186 1267 1264 1326 enim
1280 1281 1340 1324 non

204 1397 207 1404 -
229 1357 269 1416 ita
288 1353 438 1422 allectum,
460 1361 492 1413 ut
512 1353 541 1413 id
561 1370 620 1413 non
642 1352 770 1414 deletum
786 1354 1019 1428 exstinctumque
1037 1367 1101 1411 esse
1118 1349 1247 1410 latearel
1277 1347 1340 1407 Cir·

230 1440 378 1518 cumspioe
406 1439 502 1499 omnia
524 1436 657 1498 membra
678 1434 892 1513 reipublicae,
913 1453 989 1517 quae
1015 1436 1164 1495 notissima
1185 1440 1253 1494 sunt
1273 1431 1339 1492 tibi:

230 1520 342 1583 nullum
358 1523 488 1601 reperies
502 1521 645 1601 proiecto,
662 1521 740 1599 quod
756 1537 816 1580 non
830 1521 956 1580 lractum
972 1517 1189 1580 debilitatumve
1200 1519 1245 1578 sit.
1259 1515 1340 1587 Quae

230 1624 441 1687 persequerer,
463 1607 488 1666 si
513 1611 563 1667 aut
581 1604 685 1666 melius
709 1623 742 1664 ea
760 1604 905 1673 riderem,
926 1621 1015 1682 qnam
1028 1610 1061 1664 tn
1077 1603 1172 1672 vides,
1195 1609 1246 1664 aut
1259 1618 1339 1661 com-

230 1709 396 1754 memorare
415 1708 533 1770 possem
549 1691 612 1750 sine
628 1687 744 1748 dolore:
766 1705 943 1766 quamquam
958 1689 1016 1750 tuis
1031 1690 1148 1749 monitis
1163 1686 1341 1766 praeceptis·

191 1781 212 1842 4
234 1793 291 1854 que
312 1775 408 1838 omnis
427 1782 471 1835 est
494 1772 674 1834 abiiciendus
695 1770 789 1833 dolor.
825 1772 904 1850 Ergo
925 1780 955 1835 et
974 1773 1133 1834 domestica
1148 1773 1292 1839 locemus,
1308 1775 1342 1830 nt

231 1877 349 1930 censes,
372 1867 401 1920 et
422 1857 539 1936 publica
561 1855 659 1936 paullo
681 1857 768 1918 etiam
785 1858 891 1918 lortius
905 1857 1028 1918 sortasse
1049 1875 1137 1936 qnam
1151 1864 1183 1917 tu
1198 1858 1275 1935 ipse,
1290 1855 1341 1932 qui

230 1943 384 2022 praecipis.
423 1941 466 2004 'le
487 1943 564 2002 enim
579 1939 674 2019 aliqua
690 1959 758 2019 spes
772 1939 954 2012 consolatur,
976 1949 1010 2002 ut
1023 1941 1143 2003 scribis:
1162 1957 1217 2002 nos
1231 1941 1342 2000 erimus

231 2029 318 2088 otiam
334 2029 364 2088 in
378 2028 508 2088 omnium
527 2026 730 2105 desperatione
746 2026 853 2095 fortes,
873 2034 906 2086 ut
917 2033 950 2086 tn
964 2034 1062 2086 tamen
1078 2025 1156 2086 idem
1170 2033 1200 2086 et
1214 2024 1342 2084 hortaris

232 2119 260 2172 et
282 2113 436 2190 praecipis.
470 2110 528 2173 llas
549 2113 628 2172 enim
651 2110 721 2171 mihi
742 2110 886 2171 iucundas
908 2107 1129 2171 recordationes
1144 2109 1341 2170 conscientiae

230 2205 349 2257 nostrae
362 2213 522 2274 rerumque
536 2212 646 2264 earum,
663 2211 736 2272 quas
749 2194 815 2255 tein
827 2195 931 2274 primis
942 2201 1062 2256 auctore
1073 2195 1225 2271 gessimus.
1251 2193 1341 2254 Prae·

230 2281 354 2341 stitimus
368 2281 445 2341 enim
466 2279 576 2359 patriae
592 2297 652 2339 non
669 2280 766 2341 minus
786 2287 867 2340 certe
891 2296 979 2357 quam
992 2271 1169 2349 debuimus,
1190 2276 1258 2359 plns
1271 2295 1344 2357 pro·

230 2364 307 2427 lecto
333 2382 420 2445 quam
442 2372 486 2426 est
505 2364 542 2425 ab
563 2365 661 2425 animo
679 2366 851 2443 cuiusquam
868 2371 920 2425 aut
934 2365 1056 2425 consilio
1071 2364 1197 2425 hominis
1212 2361 1341 2441 postula·

190 2455 209 2515 5
232 2456 303 2511 tum.
334 2450 472 2527 Ignosces
491 2448 564 2509 mihi
579 2448 614 2509 de
629 2467 677 2510 me
695 2450 759 2528 ipso
776 2448 884 2527 aliquid
906 2449 1101 2527 praedicanti;
1122 2465 1247 2527 quarum
1262 2450 1341 2508 enim

229 2542 261 2594 tu
281 2551 382 2596 rerum
405 2534 581 2613 cogitatione
602 2550 656 2593 nos
671 2533 968 2611 lovareaegritndine
984 2532 1112 2602 voluisti,
1137 2551 1237 2594 earum
1255 2532 1341 2592 etiam
1482 2593 1484 2598 ,

230 2620 509 2679 commemoratione
522 2618 659 2678 lenimur.
693 2617 810 2697 ltaque,
834 2625 867 2678 nt
881 2636 998 2688 monas,
1015 2626 1156 2696 quantum
1172 2625 1276 2697 potero
1294 2633 1341 2676 me
1375 2667 1377 2669 .
1482 2654 1484 2658 -

230 2702 266 2763 ab
281 2700 419 2763 omnibus
435 2699 574 2766 molestiis
588 2707 617 2763 et
631 2701 791 2779 angoribus
803 2701 947 2763 abducam
961 2701 1196 2781 transferamque
1210 2702 1341 2763 animum

228 2884 788 3022 ttttttzuttltttllttltltlt‘
810 2884 1179 3007 ttltttlttlttlla
1196 2885 1350 3020 fidili?

228 3024 301 3088 offen
312 3022 448 3073 caeterea.
795 3055 797 3058 -
810 3019 886 3102 rem]
898 3039 937 3077 sc.
948 3040 992 3076 me
1004 3021 1076 3091 ipso.
1088 3050 1119 3059 -
1132 2972 1180 3091 §pe
1189 3020 1265 3089 olla]
1279 3038 1342 3089 spes

262 3090 288 3142 3.
310 3088 378 3155 illc]
400 3089 429 3141 d.
446 3088 465 3140 i.
490 3089 536 3141 die
552 3088 759 3157 mostgrdnde,
810 3090 924 3142 olimst:
937 3090 1342 3155 oucbuureiuefloffuunq,

229 3155 274 3209 die
285 3156 386 3223 jedocb
399 3154 477 3208 nicht
488 3173 518 3208 so
531 3156 587 3210 viel
599 3157 647 3209 bei
659 3157 759 3209 Cicero
810 3174 873 3225 spes
893 3158 990 3225 aliquo
1010 3159 1045 3222 (ἕ
1060 3158 1101 3224 4.)
1124 3157 1223 3223 irpeud
1245 3158 1343 3209 welche

229 3224 391 3289 vernoune,
421 3224 463 3277 uls
487 3224 537 3276 das
560 3224 685 3295 Reispiel
709 3225 760 3277 der
811 3224 1342 3292 Hoffnonq.Vgl.z.quidqucm11.l'l.

230 3290 458 3358 Geistesatirke,
479 3292 528 3344 das
547 3292 687 3359 Luccejus
704 3291 760 3344 ihm
812 3295 835 3344 1.
848 3322 878 3330 -
893 3293 951 3345 tuis
962 3292 1089 3360 monitis]
1106 3293 1172 3344 Abl.
1183 3294 1233 3345 des
1246 3294 1341 3345 Grun-

230 3360 293 3425 gab.
317 3388 357 3433 -,
370 3358 436 3427 boc]
454 3360 588 3426 incusem.
613 3388 644 3398 —-
666 3362 761 3413 cidere
811 3362 861 3414 des
872 3382 907 3407 =
922 3361 1041 3425 perudus,
1058 3362 1139 3412 nacla.
1164 3360 1246 3416 Caes.
1258 3361 1292 3412 B.
1305 3362 1340 3415 G.

230 3426 277 3478 frit
288 3426 396 3479 videris
409 3427 498 3480 findet
508 3428 568 3480 sich
585 3435 666 3481 sonst
682 3428 762 3481 nicht
810 3430 832 3481 1.
843 3432 868 3480 4.
896 3427 1026 3480 Moribus
1037 3429 1097 3480 ouis
1110 3429 1295 3495 Orqetoriqem
1308 3445 1341 3479 eac

229 3494 393 3559 bominem,
404 3496 455 3547 der
465 3494 678 3564 dieEudungre
688 3502 761 3549 statt
811 3496 931 3549 uinculis
947 3512 1062 3547 coucam
1079 3497 1169 3548 dicere
1185 3502 1341 3561 coeperunt.

230 3561 270 3611 ris·
286 3561 322 3613 im
339 3562 428 3615 Indic.
441 3564 537 3615 Praes.
554 3564 605 3616 der
622 3570 646 3620 3.
665 3565 722 3617 und
733 3567 760 3617 4.
844 3568 869 3615 4.
888 3563 1024 3629 omnium]
1049 3565 1123 3615 Gen.
1139 3564 1242 3631 object.
1259 3592 1291 3601 -
1309 3570 1342 3615 ut

230 3628 418 3696 (lonjugstion
431 3630 492 3697 uie,
505 3632 555 3683 der
567 3635 591 3684 2.
605 3648 630 3683 n.
645 3636 668 3686 1.
679 3631 761 3699 conj.
811 3639 843 3684 tu
852 3628 1341 3698 tamenidem]wie1)ujedorbebeu—

230 3712 285 3749 nnr
319 3697 553 3751 ansuabmsweise
592 3699 758 3765 gebraucht,
808 3700 886 3766 falls.
907 3726 939 3735 -
960 3705 987 3748 te
1006 3698 1135 3765 auctore]
1158 3698 1259 3751 Cicero
1281 3712 1340 3751 wer

229 3762 364 3817 wibrend
380 3772 459 3817 sonet
476 3765 513 3817 im
526 3766 627 3819 Passiv
640 3766 685 3818 die
697 3766 758 3818 En·
809 3765 926 3819 vonibm
935 3766 963 3816 in
972 3764 1078 3817 seinetn
1084 3766 1241 3820 Versabreu
1252 3782 1339 3833 gegeu

231 3830 308 3897 dung
324 3848 354 3881 re
370 3831 417 3883 fair
432 3833 473 3883 ris
484 3832 532 3885 bei
543 3832 598 3886 ihm
610 3834 759 3901 vorwiegt.
810 3832 935 3886 Catilina
947 3832 1077 3885 bestirlrt
1089 3834 1215 3888 worden.
1227 3862 1265 3895 ⁴-
1278 3834 1341 3885 oui-

231 3897 357 3965 -lroeoJ
374 3898 419 3951 die
436 3899 512 3967 Lago
529 3900 578 3955 des
591 3902 758 3954 stactes.-
808 3900 978 3966 moJMutlr.
1230 3895 1238 3907 '

231 3966 320 4017 Casus
332 3966 421 4032 qlod]
445 3967 485 4019 Es
499 3968 609 4020 seboin-t
620 3968 759 4035 Luccejus
844 3972 868 4020 b.
886 3984 1006 4034 quorum
1015 3967 1192 4036 —leuimur]
1206 3970 1257 4020 der
1269 3968 1340 4021 Sion

231 4033 323 4098 batte,
347 4050 392 4085 nm
409 4033 515 4086 seinen
524 4034 640 4088 Freund
659 4037 757 4088 aninu-
810 4035 862 4087 ist:
877 4035 925 4087 Iob
938 4033 1014 4087 falle
1026 4035 1097 4088 micb
1110 4037 1181 4088 anob
1193 4036 1282 4088 durch
1295 4036 1340 4088 die

231 4099 360 4179 meloten,
396 4102 448 4153 auf
470 4101 525 4154 -die
560 4102 760 4157 Gladiatoren-
809 4102 1339 4170 ErwihunugderDingeerleiohtert‚

231 4166 343 4233 kample
361 4168 532 4233 vormersen,
555 4169 584 4220 in
606 4170 695 4223 denen
717 4172 761 4223 oft
811 4187 846 4223 on
863 4170 909 4223 die
925 4170 970 4222 iob
987 4171 1186 4224 uocbDeinem
1198 4171 1341 4223 Wunscbe

231 4233 277 4288 ein
287 4234 420 4301 Fecbter,
434 4236 484 4287 der
496 4236 581 4288 sebon
594 4254 665 4304 ganz
677 4238 762 4291 riber-
812 4255 846 4290 nn
870 4238 977 4291 meioer
988 4237 1210 4306 Erleicbterung
1230 4239 1339 4291 denkeu
