3000 4650
512 241 560 302 xu.
575 228 915 329 rmmusearrns
1078 309 1082 316 ,
1144 309 1149 316 ,
1196 240 1257 306 127
1340 251 1356 285 -·

138 404 316 473 maranum,
331 403 385 466 sed
398 403 452 465 tibi
466 421 624 467 commune
642 424 711 468 cum
724 403 839 476 multis;
861 407 940 488 quod
955 416 988 469 tu
1002 409 1065 487 ipse
1078 414 1139 470 tam
1156 427 1258 472 aman-

139 487 197 548 dus
211 504 243 548 es
260 496 380 565 tamquo
397 488 491 550 dulcis
505 497 625 568 lammae
636 491 669 550 in
686 489 768 551 omni
782 507 893 567 ponere
905 493 1067 562 dicandus,
1083 493 1112 554 id
1128 500 1173 555 est
1187 511 1257 572 pro·

139 571 205 649 prie
221 579 315 633 tuum.
351 573 503 634 Accedunt
512 591 573 635 non
586 574 685 644 Attici,
704 574 758 635 sed
769 573 906 636 salsiores
919 593 1009 654 quam
1024 575 1067 638 illi
1079 578 1252 650 Atticorum,
1276 585 1297 646 2

138 654 265 716 Romani
280 662 395 718 veteres
411 664 500 735 atquc
520 655 627 719 urbani
645 656 730 721 sdes.
759 657 822 736 Ego
837 665 937 720 autem
955 691 992 706 -
1009 661 1157 722 existimes
1176 659 1255 734 licet,

138 738 220 817 quod
232 736 316 806 lubet
329 772 371 785 -
384 740 508 802 miritiee
522 741 624 818 capior
639 741 761 810 facetiis,
775 743 902 807 maxime
916 743 1105 813 nostratibus,
1121 760 1258 822 praeser-

137 824 193 884 tim
207 841 276 884 cum
291 841 342 887 eas
356 825 470 885 videam
485 826 615 904 primum
635 823 741 886 oblitas
756 824 838 886 Latio
855 832 933 897 tum,
952 845 1020 888 cum
1034 828 1065 886 in
1080 827 1187 890 urbem
1203 847 1258 890 no·

137 913 230 967 stram
251 915 295 968 ost
317 907 415 970 inlusa
436 909 646 987 peregrinitas,
667 926 748 970 nnnc
767 926 838 970 vero
852 911 938 971 etiam
953 909 1099 972 braccatis
1114 919 1144 973 et
1159 920 1257 974 trans·

138 989 246 1069 alpinis
268 991 451 1060 nationibus,
478 1000 512 1052 nt
535 991 650 1052 nullum
673 993 781 1054 veteris
800 991 910 1070 leporis
930 995 1085 1072 vestigium
1106 1003 1256 1074 appareat.

138 1073 256 1153 ltaque,
279 1083 310 1136 te
324 1082 393 1136 cum
414 1076 513 1146 video,
533 1093 638 1137 omnes
653 1077 725 1136 mitri
739 1076 879 1147 Granios,
903 1095 1006 1140 omnes
1021 1077 1164 1150 Lucilios,
1187 1099 1259 1142 vere

139 1163 172 1218 nt
182 1158 288 1228 dicam,
300 1158 421 1221 Crassos
430 1176 548 1238 quoqne
561 1159 716 1222 etLaelios
725 1160 826 1222 videre
839 1159 950 1222 videor.
970 1161 1089 1233 Moriar,
1105 1164 1259 1242 sipraeter

139 1247 170 1303 te
184 1260 364 1322 quemquam
377 1242 526 1322 reliquum
539 1242 646 1313 habeo,
662 1245 693 1304 in
708 1262 768 1323 quo
782 1245 895 1325 possim
907 1245 1065 1324 imaginem
1080 1236 1217 1326 antiquae
1228 1255 1266 1309 et

138 1325 316 1388 vernaculae
330 1327 490 1390 festivitatis
508 1343 682 1404 agnoscere.
713 1328 758 1388 Ad
778 1327 835 1388 hos
853 1327 971 1408 lepores
992 1347 1060 1390 cum
1082 1347 1166 1392 amor
1187 1347 1258 1408 erga

139 1427 189 1470 me
203 1417 303 1471 tantus
317 1411 454 1480 accedat,
469 1412 589 1471 miraris
601 1418 747 1473 metante
765 1411 988 1490 perturbatione
1002 1413 1174 1476 valetudinis
1189 1422 1259 1477 tuae

139 1503 201 1557 tarn
214 1496 342 1572 graviter
361 1495 560 1559 exanimatum
574 1494 683 1557 inisset
712 1495 798 1566 Quod
819 1504 918 1558 autem
932 1495 1025 1558 altera
1039 1497 1161 1576 epistola
1183 1516 1255 1578 pur·
1279 1507 1298 1568 3

139 1595 193 1656 gas
209 1585 240 1639 te
263 1596 322 1640 uon
341 1579 540 1640 dissuasorem
563 1578 637 1640 milri
659 1581 818 1658 emptionis
839 1579 1048 1660 Neapolitanae
1070 1581 1175 1654 fuisse,
1203 1583 1256 1644 sed

173 1779 201 1828 2.
218 1776 323 1844 Attici]
342 1777 385 1830 De
403 1784 476 1830 orat,
493 1777 534 1830 11.
550 1780 593 1831 54.
611 1781 672 1832 217.
723 1777 893 1842 Laelius.)-
904 1795 967 1842 aare
978 1783 1012 1830 nt
1023 1778 1182 1846 dicamJam
1190 1782 1258 1846 aas·

140 1844 360 1912 lnaeniantenr,
373 1845 616 1914 spriclrttlaerar‚
630 1847 673 1898 ri·
723 1845 827 1912 molatio
844 1862 883 1898 aa
902 1845 1043 1913 oprechen.
1067 1875 1101 1884 -
1122 1847 1259 1914 orarios]

140 1911 237 1964 dicata
253 1919 281 1964 et
295 1912 672 1966 aalaannltatlraecornm:
723 1913 757 1965 12.
776 1913 905 1966 Licinius
923 1913 1063 1983 crasans,
1100 1914 1144 1968 ab.
1163 1915 1214 1966 140
1230 1930 1257 1968 a.

140 1995 208 2030 nam
224 1985 251 2030 at
261 1978 351 2032 Siculi
362 1979 394 2032 in
405 1996 436 2032 eo
447 1996 547 2047 penore
558 1987 586 2032 et
596 1979 673 2032 nno·
725 1979 792 2033 cur.
801 1985 876 2050 gest.
889 1983 936 2044 91,
950 1995 1012 2033 war
1024 1980 1067 2034 als
1107 1981 1196 2034 edner
1207 1982 1258 2035 be-

141 2045 184 2098 dii
200 2051 227 2097 et
242 2046 377 2114 Byzantii
392 2053 420 2099 et
434 2053 547 2115 praeter
569 2053 672 2099 ceteros
723 2047 843 2100 sonders
879 2047 969 2099 durch
1009 2047 1055 2100 die
1094 2047 1258 2102 vollendete

140 2112 227 2164 Attici
236 2115 383 2167 waniloni.
396 2114 499 2166 Cicero
508 2114 606 2167 indesa
615 2115 670 2182 gab
722 2113 879 2167 Schinlrcit
887 2113 1028 2166 derF'orrn
1039 2114 1097 2167 und
1106 2116 1161 2168 don
1171 2116 1259 2182 geist-

140 2179 234 2233 lrierin
254 2181 310 2233 den
330 2181 453 2234 Rimern
474 2181 529 2234 den
549 2181 674 2248 Vorzng.
725 2181 841 2235 reichen
857 2180 935 2233 wrm
952 2181 1090 2240 berilsmt.
1125 2183 1169 2236 De
1186 2190 1257 2237 oret.

140 2264 250 2299 -cnnr
260 2265 309 2300 ear
320 2247 429 2300 videam
460 2248 675 2302 rimnnroltitar
725 2249 764 2300 II.
777 2252 821 2302 54.
838 2251 898 2300 220.
922 2247 1077 2300 Nonenirn
1100 2251 1159 2315 fore
1181 2249 1259 2318 pnn-

142 2314 227 2367 laatio
244 2313 312 2383 etc]
330 2314 384 2369 Die
396 2265 516 2369 ScKirfe
535 2316 593 2369 und
605 2314 673 2368 Ele·
725 2333 810 2383 panna
826 2316 982 2383 reperietur
996 2323 1110 2385 praeter
1127 2317 1203 2371 lianc
1221 2317 1258 2385 (i.

140 2398 216 2449 ganz
233 2383 283 2435 des
300 2382 367 2435 ioht
387 2382 547 2437 rimisohen
563 2383 673 2437 Witzes
726 2402 750 2436 e.
765 2382 912 2447 Crassum)
925 2383 955 2435 in
972 2390 1091 2465 atroque
1106 2400 1206 2451 penore
1221 2386 1260 2436 le·

141 2465 205 2501 war
222 2449 301 2502 nicht
323 2449 387 2503 cine
405 2450 514 2503 Frncht
537 2450 586 2502 des
605 2451 674 2504 Stn-
723 2450 803 2519 paria
824 2451 971 2516 excellens,
990 2456 1017 2502 et
1040 2452 1105 2517 ello,
1134 2453 1208 2519 qnod
1228 2453 1259 2503 in

143 2516 235 2569 diuma
248 2516 306 2569 und
324 2517 373 2569 des
390 2516 588 2579 Unterriclrts,
606 2534 674 2570 son·
724 2518 912 2586 perpetuitate
921 2518 1064 2583 sermonis,
1078 2518 1171 2581 abac,
1184 2520 1260 2585 qaod

143 2584 215 2637 dern
235 2583 299 2638 cine
321 2584 402 2638 Gaba
426 2585 477 2638 der
498 2585 595 2638 Natur
618 2585 675 2638 und
726 2586 758 2637 in
781 2584 924 2637 celeritate
945 2591 1030 2651 atque
1050 2585 1124 2637 dicto
1147 2591 1198 2637 est.
1227 2614 1260 2625 -

142 2650 233 2718 Folge
254 2650 305 2703 des
324 2656 414 2719 garten
436 2652 675 2721 Umgangstones,
727 2648 852 2720 Laetior]
867 2651 1115 2705 Gemeintist‘der
1127 2652 1169 2704 als
1182 2644 1259 2705 Red-

143 2719 195 2771 der
212 2718 320 2771 (lamala
336 2718 499 2785 marchio,
521 2720 611 2771 bonor
628 2720 676 2773 die
727 2736 780 2773 ner
797 2718 943 2772 berrilnnte
956 2718 1073 2772 It'reund
1091 2720 1140 2772 des
1158 2718 1260 2787 jr'inge·

142 2786 181 2838 ira
203 2785 296 2839 Texta
325 2786 471 2839 erwinnte
497 2786 676 2856 Spreclrver·
727 2804 779 2840 ren
791 2786 905 2855 Scipio,
919 2784 950 2839 0.
963 2785 1089 2840 Laelius.
1106 2814 1139 2823 -α
1155 2804 1259 2839 omno-

140 2852 677 2921 sclrleelrtaraageiadrang‚nnddelror
726 2853 824 2921 calae]
851 2853 1048 2919 dalemincii,
1073 2868 1128 2906 von
1146 2869 1258 2918 cernue,

142 2920 217 2973 ancli
233 2937 288 2973 ιιι
304 2921 335 2974 in
352 2922 409 2975 den
426 2920 577 2989 specilisolr
591 2922 677 2975 rimi-
726 2920 824 2974 dicim
836 2920 933 2974 Hense
949 2922 1111 2988 geborenen
1124 2919 1259 2982 Sklerem

142 2987 230 3041 achon
245 2989 379 3043 Himera
395 3004 432 3041 aa
448 2988 554 3044 finden.
588 2988 675 3042 Diese
727 2988 775 3041 eiu
793 2988 883 3041 durch
898 2986 997 3041 seinon
1010 2988 1188 3041 Mutterwitn
1201 2989 1261 3043 und

144 3054 279 3109 Reinheit
300 3056 351 3109 des
375 3055 582 3109 Gcschmaoker
606 3055 677 3123 ging
727 3055 808 3109 seina
832 3054 963 3108 Streiclre
986 3054 1182 3124 berdohtiptes
1202 3056 1262 3109 Go-

144 3121 292 3189 vcrloren,
310 3123 352 3176 ala
367 3123 456 3177 durch
468 3124 516 3177 dio
528 3123 588 3176 Lex
600 3123 677 3176 Iulia
727 3122 862 3176 schlccht.
887 3122 951 3189 vgt.
968 3122 1030 3176 Cia.
1047 3122 1129 3175 Brut.
1140 3126 1183 3175 46.
1196 3126 1260 3190 1⁷2,

142 3190 288 3243 rasullas
305 3190 370 3244 Zeit
386 3192 440 3244 den
458 3191 678 3259 Burdesgenos·
728 3208 772 3242 wo
785 3191 879 3245 daron
891 3190 937 3243 die
950 3190 1029 3243 Rode
1041 3190 1095 3255 ist,
1113 3191 1182 3243 dass
1198 3190 1262 3243 dom

142 3256 255 3310 sendus
265 3257 678 3325 rimisolreBdrgerrechtrer-
727 3258 844 3311 Redner
862 3272 914 3311 aus
931 3258 982 3310 der
998 3256 1124 3309 Prorinn
1141 3258 1193 3311 dor
1210 3257 1262 3310 mit

144 3323 239 3376 liebeu
251 3324 364 3390 wardo,
382 3326 448 3378 weil
464 3326 496 3377 in
507 3326 597 3393 Folge
613 3325 678 3379 des·
727 3325 880 3378 arionitas
896 3324 1079 3377 benaichnete
1094 3324 1161 3377 iiolrt
1176 3324 1260 3377 rimi·

143 3407 198 3445 seu
221 3388 286 3443 eino
307 3390 411 3459 Menae
433 3392 577 3460 pereprini
605 3392 678 3445 nacla
729 3392 797 3447 salae
808 3391 873 3444 Tou
884 3392 1001 3459 abgehe.
1021 3390 1080 3443 Neo
1090 3392 1142 3445 lano
1152 3391 1185 3445 in
1196 3408 1262 3445 ern-

144 3458 218 3511 Rom
238 3458 392 3523 strdmteu,
416 3459 475 3512 nnd
497 3460 575 3513 molar
596 3460 677 3522 noalr,
730 3460 839 3512 toritas
855 3460 935 3510 modo
951 3464 1084 3525 apparet,
1105 3460 1156 3511 sed
1176 3460 1261 3513 ctione

146 3525 190 3581 als
209 3524 317 3579 Caesar
333 3542 365 3578 so
385 3542 418 3581 ar
437 3526 550 3579 transui
569 3525 678 3590 iniectae
729 3527 761 3580 in
772 3526 880 3579 acurio.
897 3525 959 3592 Epo
970 3526 1081 3579 nemini
1096 3525 1129 3579 Τ.
1144 3524 1262 3581 Tincam

147 3591 352 3646 Galliarunter
383 3592 488 3646 'eZalrl
496 3594 548 3645 der
584 3592 678 3661 ”rpem
728 3593 940 3658 Placentinum,
963 3592 1109 3645 dominam·
1121 3594 1262 3659 foeminei-

144 3661 177 3727 ja
189 3659 219 3711 in
231 3660 286 3713 den
298 3661 389 3716 Sonat
401 3660 545 3714 aninahm.
559 3687 590 3697 -
603 3660 678 3714 Gna·
729 3678 804 3713 mam
816 3677 877 3712 cnm
887 3660 1028 3726 tenuiori
1038 3666 1135 3711 nostro
1148 3660 1262 3725 Wra-

145 3727 228 3793 riioa}
253 3727 290 3791 Q.
314 3727 441 3781 Granius
466 3730 513 3781 eiu
535 3727 680 3781 Auernfer
730 3729 780 3783 nio
800 3744 938 3819 praecone
967 3728 1116 3781 dicacitate
1144 3734 1261 3781 certare.

144 3794 282 3864 (praeeo)
298 3811 359 3847 war
376 3795 435 3856 ein,
454 3794 502 3849 bei
514 3794 617 3850 Cicero
634 3796 690 3851 oft,
730 3794 804 3847 ‘Ean
825 3794 1045 3863 inanitBrntna
1059 3796 1093 3847 de
1104 3811 1159 3863 quo
1169 3796 1261 3849 neultra

145 3861 325 3928 erwdlrnter,
345 3862 505 3929 Witrbold,
527 3863 590 3917 dem
610 3861 680 3915 vie·
730 3861 889 3917 Lnoiliucl’
904 3862 964 3917 lato
980 3862 1051 3930 ipro.
1075 3864 1130 3915 Sed
1144 3861 1263 3917 Tincam

146 3928 189 3984 los
211 3928 404 3997 nachgeselren
426 3930 524 3984 warde
545 3930 603 3983 and
627 3930 680 3984 der
728 3946 787 3983 non
806 3930 901 3984 minna
920 3930 1010 3983 malta
1026 3930 1150 3983 wenta
1167 3930 1263 3983 dioen-

145 3996 516 4051 sichVieleaheraunnahm.
537 3998 579 4050 Er
588 3997 680 4052 findet
728 4004 783 4050 tera
799 3996 929 4051 arantes
946 3997 1081 4052 obrodat
1095 3998 1188 4051 nereio
1205 4013 1260 4066 pao

142 4064 209 4116 sich
229 4065 274 4118 oft
293 4064 323 4117 in
344 4064 400 4118 den
417 4065 533 4119 Satiren
550 4066 600 4119 don
617 4066 679 4118 hier
730 4065 1065 4133 anporavernaanlo.

147 4130 262 4184 mitilnn
271 4139 434 4201 genennten
442 4131 586 4199 Lucilius,
599 4132 679 4186 eines
763 4136 789 4185 3.
801 4130 960 4199 emptionis]
971 4131 1022 4184 Alo
1031 4130 1135 4185 Cicero
1144 4130 1175 4183 in
1186 4130 1263 4185 Nea-

147 4196 355 4267 Zaitgenoasen
375 4202 435 4255 und
455 4200 604 4257 Frenudcr
627 4200 678 4255 des
729 4200 777 4269 pol
801 4199 853 4257 das
877 4198 957 4253 Hauc
981 4199 1031 4254 des
1055 4198 1089 4253 P.
1110 4198 1262 4253 Corneliae
