<?xml version="1.0" encoding="UTF-8"?>
<!DOCTYPE html PUBLIC "-//W3C//DTD XHTML 1.0 Transitional//EN"
    "http://www.w3.org/TR/xhtml1/DTD/xhtml1-transitional.dtd">
<html xmlns="http://www.w3.org/1999/xhtml" xml:lang="en" lang="en">
 <head>
  <title>
</title>
<meta http-equiv="Content-Type" content="text/html;charset=utf-8" />
  <meta name='ocr-system' content='tesseract 3.04.00' />
  <meta name='ocr-capabilities' content='ocr_page ocr_carea ocr_par ocr_line ocrx_word'/>
</head>
<body>
  <div class='ocr_page' id='page_1' title='image "ausgewhltebrief00freygoog_0081.png"; bbox 0 0 3000 4650; ppageno 0'>
   <div class='ocr_carea' id='block_1_1' title="bbox 569 271 1262 338">
    <p class='ocr_par' dir='ltr' id='par_1_1' title="bbox 569 271 1262 338">
     <span class='ocr_line' id='line_1_1' title="bbox 569 271 1262 338; baseline 0.006 -5"><span class='ocrx_word' id='word_1_1' title='bbox 569 278 602 333; x_wconf 86' lang='lat' dir='ltr'><strong>bl.</strong></span> <span class='ocrx_word' id='word_1_2' title='bbox 619 276 758 334; x_wconf 80' lang='lat' dir='ltr'>TULLIUS</span> <span class='ocrx_word' id='word_1_3' title='bbox 773 275 857 333; x_wconf 79' lang='lat' dir='ltr'><strong>rino.</strong></span> <span class='ocrx_word' id='word_1_4' title='bbox 1222 271 1262 338; x_wconf 78' lang='grc'><strong>67</strong></span> 
     </span>
    </p>
   </div>
   <div class='ocr_carea' id='block_1_2' title="bbox 152 440 1264 775">
    <p class='ocr_par' dir='ltr' id='par_1_2' title="bbox 152 440 1264 775">
     <span class='ocr_line' id='line_1_2' title="bbox 153 440 1264 522; baseline 0.001 -18"><span class='ocrx_word' id='word_1_5' title='bbox 153 461 210 513; x_wconf 89' lang='lat' dir='ltr'><strong>ses,</strong></span> <span class='ocrx_word' id='word_1_6' title='bbox 223 460 262 504; x_wconf 93' lang='lat' dir='ltr'><strong>ne</strong></span> <span class='ocrx_word' id='word_1_7' title='bbox 275 442 305 501; x_wconf 92' lang='lat' dir='ltr'><strong>in</strong></span> <span class='ocrx_word' id='word_1_8' title='bbox 321 449 453 522; x_wconf 77' lang='lat' dir='ltr'><strong>quartam</strong></span> <span class='ocrx_word' id='word_1_9' title='bbox 470 441 655 504; x_wconf 89' lang='lat' dir='ltr'><strong>hebdomada</strong></span> <span class='ocrx_word' id='word_1_10' title='bbox 671 442 826 504; x_wconf 81' lang='lat' dir='ltr'>incideres.</span> <span class='ocrx_word' id='word_1_11' title='bbox 862 440 919 503; x_wconf 86' lang='lat' dir='ltr'><strong>Sed</strong></span> <span class='ocrx_word' id='word_1_12' title='bbox 934 441 1069 521; x_wconf 91' lang='lat' dir='ltr'><strong>quoniam</strong></span> <span class='ocrx_word' id='word_1_13' title='bbox 1090 441 1196 521; x_wconf 92' lang='lat' dir='ltr'><strong>pudori</strong></span> <span class='ocrx_word' id='word_1_14' title='bbox 1212 452 1264 505; x_wconf 90' lang='lat' dir='ltr'><strong>tuo</strong></span> 
     </span>
     <span class='ocr_line' id='line_1_3' title="bbox 153 524 1262 606; baseline -0.001 -16"><span class='ocrx_word' id='word_1_15' title='bbox 153 526 279 590; x_wconf 82' lang='lat' dir='ltr'><strong>maluisti</strong></span> <span class='ocrx_word' id='word_1_16' title='bbox 295 526 418 606; x_wconf 89' lang='lat' dir='ltr'><strong>obsequi</strong></span> <span class='ocrx_word' id='word_1_17' title='bbox 432 544 520 606; x_wconf 91' lang='lat' dir='ltr'><strong>quam</strong></span> <span class='ocrx_word' id='word_1_18' title='bbox 536 525 700 594; x_wconf 89' lang='lat' dir='ltr'><strong>valetudini,</strong></span> <span class='ocrx_word' id='word_1_19' title='bbox 717 524 830 605; x_wconf 89' lang='lat' dir='ltr'><strong>reliqna</strong></span> <span class='ocrx_word' id='word_1_20' title='bbox 845 543 925 587; x_wconf 88' lang='lat' dir='ltr'><strong>cura.</strong></span> <span class='ocrx_word' id='word_1_21' title='bbox 961 525 1050 586; x_wconf 89' lang='lat' dir='ltr'><strong>Curio</strong></span> <span class='ocrx_word' id='word_1_22' title='bbox 1064 527 1138 598; x_wconf 87' lang='lat' dir='ltr'><strong>misi,</strong></span> <span class='ocrx_word' id='word_1_23' title='bbox 1153 535 1186 588; x_wconf 89' lang='lat' dir='ltr'><strong>nt</strong></span> <span class='ocrx_word' id='word_1_24' title='bbox 1200 547 1262 589; x_wconf 91' lang='lat' dir='ltr'><strong>me·</strong></span> 
     </span>
     <span class='ocr_line' id='line_1_4' title="bbox 153 610 1262 690; baseline 0.001 -17"><span class='ocrx_word' id='word_1_25' title='bbox 153 614 218 674; x_wconf 93' lang='lat' dir='ltr'><strong>dico</strong></span> <span class='ocrx_word' id='word_1_26' title='bbox 230 610 325 672; x_wconf 93' lang='lat' dir='ltr'><strong>bonos</strong></span> <span class='ocrx_word' id='word_1_27' title='bbox 334 610 495 672; x_wconf 80' lang='lat' dir='ltr'><strong>haberetur</strong></span> <span class='ocrx_word' id='word_1_28' title='bbox 506 617 536 671; x_wconf 91' lang='lat' dir='ltr'><strong>et</strong></span> <span class='ocrx_word' id='word_1_29' title='bbox 545 610 600 670; x_wconf 89' lang='lat' dir='ltr'><strong>tibi</strong></span> <span class='ocrx_word' id='word_1_30' title='bbox 610 612 703 679; x_wconf 87' lang='lat' dir='ltr'><strong>daret,</strong></span> <span class='ocrx_word' id='word_1_31' title='bbox 716 610 795 690; x_wconf 92' lang='lat' dir='ltr'><strong>quod</strong></span> <span class='ocrx_word' id='word_1_32' title='bbox 807 627 881 688; x_wconf 90' lang='lat' dir='ltr'><strong>opus</strong></span> <span class='ocrx_word' id='word_1_33' title='bbox 893 619 985 680; x_wconf 88' lang='lat' dir='ltr'><strong>esset;</strong></span> <span class='ocrx_word' id='word_1_34' title='bbox 997 628 1053 680; x_wconf 90' lang='lat' dir='ltr'><strong>me,</strong></span> <span class='ocrx_word' id='word_1_35' title='bbox 1064 613 1110 672; x_wconf 92' lang='lat' dir='ltr'><strong>cui</strong></span> <span class='ocrx_word' id='word_1_36' title='bbox 1120 613 1262 683; x_wconf 89' lang='lat' dir='ltr'><strong>iussisset,</strong></span> 
     </span>
     <span class='ocr_line' id='line_1_5' title="bbox 152 692 1264 775; baseline -0.001 -16"><span class='ocrx_word' id='word_1_37' title='bbox 152 703 334 759; x_wconf 87' lang='lat' dir='ltr'><strong>curaturum.</strong></span> <span class='ocrx_word' id='word_1_38' title='bbox 360 695 476 775; x_wconf 85' lang='lat' dir='ltr'><strong>Equum</strong></span> <span class='ocrx_word' id='word_1_39' title='bbox 491 702 521 756; x_wconf 87' lang='lat' dir='ltr'><strong>et</strong></span> <span class='ocrx_word' id='word_1_40' title='bbox 534 693 647 756; x_wconf 89' lang='lat' dir='ltr'><strong>mulum</strong></span> <span class='ocrx_word' id='word_1_41' title='bbox 658 695 807 756; x_wconf 88' lang='lat' dir='ltr'><strong>Brundisii</strong></span> <span class='ocrx_word' id='word_1_42' title='bbox 823 693 876 754; x_wconf 88' lang='lat' dir='ltr'><strong>tibi</strong></span> <span class='ocrx_word' id='word_1_43' title='bbox 889 692 1004 773; x_wconf 80' lang='lat' dir='ltr'><strong>reliqui.</strong></span> <span class='ocrx_word' id='word_1_44' title='bbox 1029 693 1141 756; x_wconf 88' lang='lat' dir='ltr'><strong>Romae</strong></span> <span class='ocrx_word' id='word_1_45' title='bbox 1158 715 1264 758; x_wconf 92' lang='lat' dir='ltr'><strong>vereor</strong></span> 
     </span>
    </p>
   </div>
   <div class='ocr_carea' id='block_1_3' title="bbox 45 778 1260 858">
    <p class='ocr_par' dir='ltr' id='par_1_3' title="bbox 45 778 1260 858">
     <span class='ocr_line' id='line_1_6' title="bbox 45 778 1260 858; baseline 0.002 -17"><span class='ocrx_word' id='word_1_46' title='bbox 45 822 49 828; x_wconf 91' lang='lat'>-</span> <span class='ocrx_word' id='word_1_47' title='bbox 151 800 190 843; x_wconf 94' lang='lat' dir='ltr'><strong>ne</strong></span> <span class='ocrx_word' id='word_1_48' title='bbox 212 798 248 842; x_wconf 84' lang='lat' dir='ltr'><strong>ex</strong></span> <span class='ocrx_word' id='word_1_49' title='bbox 265 779 330 840; x_wconf 90' lang='lat' dir='ltr'><strong>llal.</strong></span> <span class='ocrx_word' id='word_1_50' title='bbox 345 780 405 840; x_wconf 89' lang='lat' dir='ltr'><strong>lan.</strong></span> <span class='ocrx_word' id='word_1_51' title='bbox 423 781 522 858; x_wconf 87' lang='lat' dir='ltr'><strong>magni</strong></span> <span class='ocrx_word' id='word_1_52' title='bbox 540 778 681 841; x_wconf 88' lang='lat' dir='ltr'><strong>tumultus</strong></span> <span class='ocrx_word' id='word_1_53' title='bbox 700 781 767 840; x_wconf 89' lang='lat' dir='ltr'><strong>sint.</strong></span> <span class='ocrx_word' id='word_1_54' title='bbox 803 778 863 839; x_wconf 90' lang='lat' dir='ltr'><strong>Nos</strong></span> <span class='ocrx_word' id='word_1_55' title='bbox 884 795 1004 856; x_wconf 85' lang='lat' dir='ltr'><strong>agemus</strong></span> <span class='ocrx_word' id='word_1_56' title='bbox 1025 780 1122 841; x_wconf 88' lang='lat' dir='ltr'><strong>omnia</strong></span> <span class='ocrx_word' id='word_1_57' title='bbox 1136 781 1260 844; x_wconf 87' lang='lat' dir='ltr'><strong>modice.</strong></span> 
     </span>
    </p>
   </div>
   <div class='ocr_carea' id='block_1_4' title="bbox 149 863 1304 1535">
    <p class='ocr_par' dir='ltr' id='par_1_4' title="bbox 149 863 1304 1535">
     <span class='ocr_line' id='line_1_7' title="bbox 150 863 1304 945; baseline -0.002 -18"><span class='ocrx_word' id='word_1_58' title='bbox 150 864 308 945; x_wconf 87' lang='lat' dir='ltr'><strong>Reliquum</strong></span> <span class='ocrx_word' id='word_1_59' title='bbox 319 872 371 935; x_wconf 91' lang='lat' dir='ltr'><strong>est,</strong></span> <span class='ocrx_word' id='word_1_60' title='bbox 386 870 418 925; x_wconf 92' lang='lat' dir='ltr'><strong>ut</strong></span> <span class='ocrx_word' id='word_1_61' title='bbox 429 870 459 924; x_wconf 90' lang='lat' dir='ltr'><strong>te</strong></span> <span class='ocrx_word' id='word_1_62' title='bbox 474 863 530 924; x_wconf 90' lang='lat' dir='ltr'><strong>hoc</strong></span> <span class='ocrx_word' id='word_1_63' title='bbox 545 879 648 940; x_wconf 83' lang='lat' dir='ltr'><strong>rogem</strong></span> <span class='ocrx_word' id='word_1_64' title='bbox 663 869 766 924; x_wconf 83' lang='lat' dir='ltr'><strong>etate</strong></span> <span class='ocrx_word' id='word_1_65' title='bbox 781 870 888 942; x_wconf 90' lang='lat' dir='ltr'><strong>petam,</strong></span> <span class='ocrx_word' id='word_1_66' title='bbox 909 879 947 924; x_wconf 92' lang='lat' dir='ltr'><strong>ne</strong></span> <span class='ocrx_word' id='word_1_67' title='bbox 961 869 1071 925; x_wconf 87' lang='lat' dir='ltr'><strong>temere</strong></span> <span class='ocrx_word' id='word_1_68' title='bbox 1087 864 1205 942; x_wconf 69' lang='lat' dir='ltr'><strong>naviges</strong></span> <span class='ocrx_word' id='word_1_69' title='bbox 1219 903 1262 913; x_wconf 92' lang='lat'><em>-</em></span> <span class='ocrx_word' id='word_1_70' title='bbox 1283 873 1304 934; x_wconf 88' lang='lat'>4</span> 
     </span>
     <span class='ocr_line' id='line_1_8' title="bbox 150 947 1262 1026; baseline 0.003 -16"><span class='ocrx_word' id='word_1_71' title='bbox 150 949 247 1012; x_wconf 89' lang='lat' dir='ltr'><strong>solent</strong></span> <span class='ocrx_word' id='word_1_72' title='bbox 261 955 367 1010; x_wconf 89' lang='lat' dir='ltr'><strong>nautae</strong></span> <span class='ocrx_word' id='word_1_73' title='bbox 382 947 522 1010; x_wconf 84' lang='lat' dir='ltr'><strong>festinare</strong></span> <span class='ocrx_word' id='word_1_74' title='bbox 539 955 677 1026; x_wconf 84' lang='lat' dir='ltr'><strong>quaestus</strong></span> <span class='ocrx_word' id='word_1_75' title='bbox 691 949 736 1008; x_wconf 88' lang='lat' dir='ltr'><strong>sui</strong></span> <span class='ocrx_word' id='word_1_76' title='bbox 752 964 838 1010; x_wconf 90' lang='lat' dir='ltr'><strong>causa</strong></span> <span class='ocrx_word' id='word_1_77' title='bbox 848 983 891 992; x_wconf 91' lang='lat'><strong>—</strong></span> <span class='ocrx_word' id='word_1_78' title='bbox 902 965 940 1008; x_wconf 86' lang='lat' dir='ltr'><strong>uc</strong></span> <span class='ocrx_word' id='word_1_79' title='bbox 950 954 1053 1008; x_wconf 90' lang='lat' dir='ltr'><strong>cautus</strong></span> <span class='ocrx_word' id='word_1_80' title='bbox 1064 949 1112 1019; x_wconf 89' lang='lat' dir='ltr'><strong>sis,</strong></span> <span class='ocrx_word' id='word_1_81' title='bbox 1125 951 1165 1008; x_wconf 92' lang='lat' dir='ltr'><strong>mi</strong></span> <span class='ocrx_word' id='word_1_82' title='bbox 1176 950 1262 1021; x_wconf 82' lang='lat' dir='ltr'><strong>&#39;liro;</strong></span> 
     </span>
     <span class='ocr_line' id='line_1_9' title="bbox 150 1030 1262 1112; baseline 0.001 -17"><span class='ocrx_word' id='word_1_83' title='bbox 150 1052 233 1095; x_wconf 91' lang='lat' dir='ltr'><strong>mare</strong></span> <span class='ocrx_word' id='word_1_84' title='bbox 254 1050 393 1112; x_wconf 82' lang='lat' dir='ltr'><strong>magnum</strong></span> <span class='ocrx_word' id='word_1_85' title='bbox 414 1039 442 1094; x_wconf 91' lang='lat' dir='ltr'><strong>et</strong></span> <span class='ocrx_word' id='word_1_86' title='bbox 462 1030 581 1094; x_wconf 84' lang='lat' dir='ltr'><strong>difficile</strong></span> <span class='ocrx_word' id='word_1_87' title='bbox 605 1032 658 1092; x_wconf 91' lang='lat' dir='ltr'><strong>tibi</strong></span> <span class='ocrx_word' id='word_1_88' title='bbox 683 1038 783 1093; x_wconf 89' lang='lat' dir='ltr'><strong>restat.</strong></span> <span class='ocrx_word' id='word_1_89' title='bbox 825 1032 857 1093; x_wconf 85' lang='lat' dir='ltr'><strong>si</strong></span> <span class='ocrx_word' id='word_1_90' title='bbox 879 1033 1002 1111; x_wconf 89' lang='lat' dir='ltr'><strong>poteris,</strong></span> <span class='ocrx_word' id='word_1_91' title='bbox 1025 1051 1092 1093; x_wconf 90' lang='lat' dir='ltr'><strong>curn</strong></span> <span class='ocrx_word' id='word_1_92' title='bbox 1108 1033 1262 1107; x_wconf 64' lang='lat' dir='ltr'><strong>Messinm</strong></span> 
     </span>
     <span class='ocr_line' id='line_1_10' title="bbox 151 1115 1264 1194; baseline 0 -14"><span class='ocrx_word' id='word_1_93' title='bbox 151 1126 236 1180; x_wconf 90' lang='lat' dir='ltr'><strong>caute</strong></span> <span class='ocrx_word' id='word_1_94' title='bbox 248 1119 276 1178; x_wconf 90' lang='lat' dir='ltr'><strong>is</strong></span> <span class='ocrx_word' id='word_1_95' title='bbox 291 1116 367 1178; x_wconf 87' lang='lat' dir='ltr'><strong>solet</strong></span> <span class='ocrx_word' id='word_1_96' title='bbox 383 1119 537 1194; x_wconf 78' lang='lat' dir='ltr'><strong>navigare:</strong></span> <span class='ocrx_word' id='word_1_97' title='bbox 552 1117 578 1177; x_wconf 89' lang='lat' dir='ltr'><strong>si</strong></span> <span class='ocrx_word' id='word_1_98' title='bbox 595 1118 701 1186; x_wconf 89' lang='lat' dir='ltr'><strong>minus,</strong></span> <span class='ocrx_word' id='word_1_99' title='bbox 715 1135 782 1177; x_wconf 89' lang='lat' dir='ltr'><strong>cum</strong></span> <span class='ocrx_word' id='word_1_100' title='bbox 796 1117 920 1178; x_wconf 89' lang='lat' dir='ltr'><strong>honesto</strong></span> <span class='ocrx_word' id='word_1_101' title='bbox 932 1115 1030 1194; x_wconf 90' lang='lat' dir='ltr'><strong>aliquo</strong></span> <span class='ocrx_word' id='word_1_102' title='bbox 1040 1116 1168 1189; x_wconf 91' lang='lat' dir='ltr'><strong>homine,</strong></span> <span class='ocrx_word' id='word_1_103' title='bbox 1182 1121 1264 1181; x_wconf 91' lang='lat' dir='ltr'><strong>cuius</strong></span> 
     </span>
     <span class='ocr_line' id='line_1_11' title="bbox 150 1199 1265 1279; baseline 0 -15"><span class='ocrx_word' id='word_1_104' title='bbox 150 1204 323 1264; x_wconf 86' lang='lat' dir='ltr'><strong>auctoritate</strong></span> <span class='ocrx_word' id='word_1_105' title='bbox 344 1200 541 1262; x_wconf 82' lang='lat' dir='ltr'><strong>navicularius</strong></span> <span class='ocrx_word' id='word_1_106' title='bbox 559 1208 722 1262; x_wconf 86' lang='lat' dir='ltr'><strong>moveatur.</strong></span> <span class='ocrx_word' id='word_1_107' title='bbox 767 1200 799 1260; x_wconf 94' lang='lat' dir='ltr'><strong>ln</strong></span> <span class='ocrx_word' id='word_1_108' title='bbox 821 1201 878 1262; x_wconf 90' lang='lat' dir='ltr'><strong>boc</strong></span> <span class='ocrx_word' id='word_1_109' title='bbox 898 1217 1016 1262; x_wconf 88' lang='lat' dir='ltr'><strong>omnem</strong></span> <span class='ocrx_word' id='word_1_110' title='bbox 1036 1199 1215 1279; x_wconf 80' lang='lat' dir='ltr'><strong>diligentiam</strong></span> <span class='ocrx_word' id='word_1_111' title='bbox 1240 1206 1265 1264; x_wconf 87' lang='lat' dir='ltr'><strong>si</strong></span> 
     </span>
     <span class='ocr_line' id='line_1_12' title="bbox 150 1283 1262 1364; baseline 0 -16"><span class='ocrx_word' id='word_1_112' title='bbox 150 1286 321 1349; x_wconf 87' lang='lat' dir='ltr'><strong>adhibueris</strong></span> <span class='ocrx_word' id='word_1_113' title='bbox 344 1292 432 1364; x_wconf 90' lang='lat' dir='ltr'><strong>teque</strong></span> <span class='ocrx_word' id='word_1_114' title='bbox 452 1285 538 1345; x_wconf 89' lang='lat' dir='ltr'><strong>nohis</strong></span> <span class='ocrx_word' id='word_1_115' title='bbox 562 1283 741 1345; x_wconf 78' lang='lat' dir='ltr'><strong>Incolumem</strong></span> <span class='ocrx_word' id='word_1_116' title='bbox 765 1285 887 1355; x_wconf 74' lang='lat' dir='ltr'><strong>suteris,</strong></span> <span class='ocrx_word' id='word_1_117' title='bbox 915 1287 1012 1346; x_wconf 87' lang='lat' dir='ltr'><strong>omnia</strong></span> <span class='ocrx_word' id='word_1_118' title='bbox 1039 1301 1056 1345; x_wconf 91' lang='lat' dir='ltr'><strong>a</strong></span> <span class='ocrx_word' id='word_1_119' title='bbox 1081 1292 1110 1347; x_wconf 93' lang='lat' dir='ltr'><strong>te</strong></span> <span class='ocrx_word' id='word_1_120' title='bbox 1137 1285 1262 1348; x_wconf 86' lang='lat' dir='ltr'><strong>habebo.</strong></span> 
     </span>
     <span class='ocr_line' id='line_1_13' title="bbox 149 1368 1262 1451; baseline 0 -19"><span class='ocrx_word' id='word_1_121' title='bbox 149 1371 244 1432; x_wconf 86' lang='lat' dir='ltr'><strong>Etiam</strong></span> <span class='ocrx_word' id='word_1_122' title='bbox 263 1377 350 1449; x_wconf 88' lang='lat' dir='ltr'><strong>atque</strong></span> <span class='ocrx_word' id='word_1_123' title='bbox 365 1371 461 1440; x_wconf 85' lang='lat' dir='ltr'><strong>etiarn,</strong></span> <span class='ocrx_word' id='word_1_124' title='bbox 476 1376 576 1430; x_wconf 73' lang='lat' dir='ltr'><strong>nomer</strong></span> <span class='ocrx_word' id='word_1_125' title='bbox 590 1369 669 1438; x_wconf 79' lang='lat' dir='ltr'><strong>Tiro,</strong></span> <span class='ocrx_word' id='word_1_126' title='bbox 686 1368 759 1430; x_wconf 88' lang='lat' dir='ltr'><strong>vale.</strong></span> <span class='ocrx_word' id='word_1_127' title='bbox 789 1369 919 1440; x_wconf 86' lang='lat' dir='ltr'><strong>Medico,</strong></span> <span class='ocrx_word' id='word_1_128' title='bbox 936 1368 1039 1441; x_wconf 82' lang='lat' dir='ltr'><strong>Curio,</strong></span> <span class='ocrx_word' id='word_1_129' title='bbox 1055 1369 1163 1451; x_wconf 83' lang='lat' dir='ltr'><strong>Lysoni</strong></span> <span class='ocrx_word' id='word_1_130' title='bbox 1182 1372 1218 1433; x_wconf 93' lang='lat' dir='ltr'><strong>de</strong></span> <span class='ocrx_word' id='word_1_131' title='bbox 1234 1383 1262 1432; x_wconf 85' lang='lat' dir='ltr'><strong>te</strong></span> 
     </span>
     <span class='ocr_line' id='line_1_14' title="bbox 152 1452 714 1535; baseline -0.007 -18"><span class='ocrx_word' id='word_1_132' title='bbox 152 1456 258 1535; x_wconf 82' lang='lat' dir='ltr'><strong>scripsi</strong></span> <span class='ocrx_word' id='word_1_133' title='bbox 273 1453 501 1533; x_wconf 78' lang='lat' dir='ltr'><strong>dilgeutissIme.</strong></span> <span class='ocrx_word' id='word_1_134' title='bbox 530 1453 610 1523; x_wconf 91' lang='lat' dir='ltr'><strong>Vale,</strong></span> <span class='ocrx_word' id='word_1_135' title='bbox 626 1452 714 1514; x_wconf 84' lang='lat' dir='ltr'><strong>salve.</strong></span> 
     </span>
    </p>
   </div>
   <div class='ocr_carea' id='block_1_5' title="bbox 152 1600 1263 1797">
    <p class='ocr_par' dir='ltr' id='par_1_5' title="bbox 152 1600 1263 1797">
     <span class='ocr_line' id='line_1_15' title="bbox 353 1600 898 1667; baseline -0.004 -1"><span class='ocrx_word' id='word_1_136' title='bbox 353 1650 358 1657; x_wconf 80' lang='lat'><strong>.</strong></span> <span class='ocrx_word' id='word_1_137' title='bbox 517 1603 697 1667; x_wconf 78' lang='lat' dir='ltr'><strong>Eiusnonn</strong></span> <span class='ocrx_word' id='word_1_138' title='bbox 715 1600 898 1667; x_wconf 90' lang='lat' dir='ltr'>XXVIIII.</span> 
     </span>
     <span class='ocr_line' id='line_1_16' title="bbox 152 1725 1263 1797; baseline 0.004 -13"><span class='ocrx_word' id='word_1_139' title='bbox 152 1726 289 1784; x_wconf 80' lang='lat' dir='ltr'>TULLIUS</span> <span class='ocrx_word' id='word_1_140' title='bbox 302 1725 344 1784; x_wconf 74' lang='lat' dir='ltr'><strong>El*</strong></span> <span class='ocrx_word' id='word_1_141' title='bbox 358 1727 482 1791; x_wconf 81' lang='lat' dir='ltr'>CICERO,</span> <span class='ocrx_word' id='word_1_142' title='bbox 498 1727 670 1789; x_wconf 78' lang='lat' dir='ltr'><strong>Tllllllllllh,</strong></span> <span class='ocrx_word' id='word_1_143' title='bbox 686 1726 814 1791; x_wconf 74' lang='lat' dir='ltr'><strong>rubnih,</strong></span> <span class='ocrx_word' id='word_1_144' title='bbox 831 1725 860 1796; x_wconf 89' lang='lat' dir='ltr'><strong>Q.</strong></span> <span class='ocrx_word' id='word_1_145' title='bbox 877 1726 908 1797; x_wconf 83' lang='lat' dir='ltr'><strong>Q.</strong></span> <span class='ocrx_word' id='word_1_146' title='bbox 924 1726 1034 1785; x_wconf 80' lang='lat' dir='ltr'>TIRONI</span> <span class='ocrx_word' id='word_1_147' title='bbox 1048 1727 1075 1784; x_wconf 90' lang='lat' dir='ltr'><strong>S.</strong></span> <span class='ocrx_word' id='word_1_148' title='bbox 1090 1729 1185 1787; x_wconf 87' lang='lat' dir='ltr'><strong>PLUR.</strong></span> <span class='ocrx_word' id='word_1_149' title='bbox 1201 1730 1263 1788; x_wconf 77' lang='lat' dir='ltr'><strong>uin.</strong></span> 
     </span>
    </p>
   </div>
   <div class='ocr_carea' id='block_1_6' title="bbox 149 1857 1302 2699">
    <p class='ocr_par' dir='ltr' id='par_1_6' title="bbox 149 1857 1302 2699">
     <span class='ocr_line' id='line_1_17' title="bbox 233 1857 1300 1940; baseline 0.003 -21"><span class='ocrx_word' id='word_1_150' title='bbox 233 1859 296 1920; x_wconf 84' lang='lat' dir='ltr'><strong>Etsi</strong></span> <span class='ocrx_word' id='word_1_151' title='bbox 309 1860 559 1940; x_wconf 82' lang='lat' dir='ltr'><strong>opportunitatem</strong></span> <span class='ocrx_word' id='word_1_152' title='bbox 572 1875 681 1936; x_wconf 86' lang='lat' dir='ltr'><strong>operae</strong></span> <span class='ocrx_word' id='word_1_153' title='bbox 691 1865 759 1919; x_wconf 88' lang='lat' dir='ltr'><strong>tuae</strong></span> <span class='ocrx_word' id='word_1_154' title='bbox 771 1857 909 1920; x_wconf 91' lang='lat' dir='ltr'><strong>omnibus</strong></span> <span class='ocrx_word' id='word_1_155' title='bbox 919 1857 991 1920; x_wconf 91' lang='lat' dir='ltr'><strong>locis</strong></span> <span class='ocrx_word' id='word_1_156' title='bbox 1003 1859 1147 1930; x_wconf 85' lang='lat' dir='ltr'><strong>desidero,</strong></span> <span class='ocrx_word' id='word_1_157' title='bbox 1162 1866 1260 1922; x_wconf 69' lang='lat' dir='ltr'><strong>umen</strong></span> <span class='ocrx_word' id='word_1_158' title='bbox 1282 1870 1300 1932; x_wconf 90' lang='lat'>1</span> 
     </span>
     <span class='ocr_line' id='line_1_18' title="bbox 151 1941 1265 2024; baseline 0.002 -20"><span class='ocrx_word' id='word_1_159' title='bbox 151 1951 284 2005; x_wconf 88' lang='lat' dir='ltr'><strong>nontam</strong></span> <span class='ocrx_word' id='word_1_160' title='bbox 301 1962 367 2004; x_wconf 88' lang='lat' dir='ltr'><strong>mea</strong></span> <span class='ocrx_word' id='word_1_161' title='bbox 387 1960 475 2022; x_wconf 84' lang='lat' dir='ltr'><strong>quarn</strong></span> <span class='ocrx_word' id='word_1_162' title='bbox 491 1949 540 2003; x_wconf 94' lang='lat' dir='ltr'><strong>tua</strong></span> <span class='ocrx_word' id='word_1_163' title='bbox 563 1959 652 2003; x_wconf 89' lang='lat' dir='ltr'><strong>causa</strong></span> <span class='ocrx_word' id='word_1_164' title='bbox 671 1941 756 2003; x_wconf 92' lang='lat' dir='ltr'><strong>doleo</strong></span> <span class='ocrx_word' id='word_1_165' title='bbox 780 1949 810 2003; x_wconf 88' lang='lat' dir='ltr'><strong>te</strong></span> <span class='ocrx_word' id='word_1_166' title='bbox 828 1960 886 2004; x_wconf 91' lang='lat' dir='ltr'><strong>non</strong></span> <span class='ocrx_word' id='word_1_167' title='bbox 900 1942 1023 2006; x_wconf 78' lang='lat' dir='ltr'><strong>valere·</strong></span> <span class='ocrx_word' id='word_1_168' title='bbox 1045 1944 1104 2005; x_wconf 86' lang='lat' dir='ltr'><strong>Sed</strong></span> <span class='ocrx_word' id='word_1_169' title='bbox 1127 1946 1265 2024; x_wconf 87' lang='lat' dir='ltr'><strong>qnoniam</strong></span> 
     </span>
     <span class='ocr_line' id='line_1_19' title="bbox 151 2026 1263 2107; baseline 0.003 -19"><span class='ocrx_word' id='word_1_170' title='bbox 151 2031 183 2088; x_wconf 92' lang='lat' dir='ltr'><strong>in</strong></span> <span class='ocrx_word' id='word_1_171' title='bbox 197 2036 370 2107; x_wconf 89' lang='lat' dir='ltr'><strong>quartanam</strong></span> <span class='ocrx_word' id='word_1_172' title='bbox 386 2027 584 2088; x_wconf 84' lang='lat' dir='ltr'><strong>conversaris</strong></span> <span class='ocrx_word' id='word_1_173' title='bbox 599 2033 644 2088; x_wconf 87' lang='lat' dir='ltr'><strong>est</strong></span> <span class='ocrx_word' id='word_1_174' title='bbox 656 2026 755 2087; x_wconf 86' lang='lat' dir='ltr'><strong>morbi</strong></span> <span class='ocrx_word' id='word_1_175' title='bbox 765 2061 806 2070; x_wconf 94' lang='lat'>—</span> <span class='ocrx_word' id='word_1_176' title='bbox 818 2028 861 2088; x_wconf 90' lang='lat' dir='ltr'><strong>sic</strong></span> <span class='ocrx_word' id='word_1_177' title='bbox 876 2029 956 2087; x_wconf 90' lang='lat' dir='ltr'><strong>enim</strong></span> <span class='ocrx_word' id='word_1_178' title='bbox 972 2027 1076 2089; x_wconf 85' lang='lat' dir='ltr'><strong>scribit</strong></span> <span class='ocrx_word' id='word_1_179' title='bbox 1093 2028 1198 2090; x_wconf 84' lang='lat' dir='ltr'><strong>Curius</strong></span> <span class='ocrx_word' id='word_1_180' title='bbox 1211 2063 1263 2100; x_wconf 88' lang='lat'><strong>-,</strong></span> 
     </span>
     <span class='ocr_line' id='line_1_20' title="bbox 151 2110 1264 2192; baseline 0.003 -20"><span class='ocrx_word' id='word_1_181' title='bbox 151 2131 238 2192; x_wconf 89' lang='lat' dir='ltr'><strong>spero</strong></span> <span class='ocrx_word' id='word_1_182' title='bbox 253 2121 283 2173; x_wconf 91' lang='lat' dir='ltr'><strong>te</strong></span> <span class='ocrx_word' id='word_1_183' title='bbox 293 2111 441 2190; x_wconf 81' lang='lat' dir='ltr'><strong>diligenda</strong></span> <span class='ocrx_word' id='word_1_184' title='bbox 455 2110 586 2171; x_wconf 88' lang='lat' dir='ltr'><strong>adbibita</strong></span> <span class='ocrx_word' id='word_1_185' title='bbox 597 2112 683 2171; x_wconf 88' lang='lat' dir='ltr'><strong>etiam</strong></span> <span class='ocrx_word' id='word_1_186' title='bbox 699 2111 862 2172; x_wconf 86' lang='lat' dir='ltr'><strong>firmiorem</strong></span> <span class='ocrx_word' id='word_1_187' title='bbox 879 2110 951 2172; x_wconf 85' lang='lat' dir='ltr'><strong>lore.</strong></span> <span class='ocrx_word' id='word_1_188' title='bbox 979 2111 1066 2173; x_wconf 90' lang='lat' dir='ltr'><strong>Modo</strong></span> <span class='ocrx_word' id='word_1_189' title='bbox 1076 2111 1133 2182; x_wconf 86' lang='lat' dir='ltr'><strong>iac,</strong></span> <span class='ocrx_word' id='word_1_190' title='bbox 1144 2113 1174 2174; x_wconf 90' lang='lat' dir='ltr'><strong>id</strong></span> <span class='ocrx_word' id='word_1_191' title='bbox 1185 2115 1264 2192; x_wconf 90' lang='lat' dir='ltr'><strong>quod</strong></span> 
     </span>
     <span class='ocr_line' id='line_1_21' title="bbox 151 2192 1264 2278; baseline 0 -19"><span class='ocrx_word' id='word_1_192' title='bbox 151 2204 195 2259; x_wconf 91' lang='lat' dir='ltr'><strong>est</strong></span> <span class='ocrx_word' id='word_1_193' title='bbox 210 2196 397 2258; x_wconf 87' lang='lat' dir='ltr'><strong>humanitatis</strong></span> <span class='ocrx_word' id='word_1_194' title='bbox 408 2203 484 2265; x_wconf 91' lang='lat' dir='ltr'><strong>tuae,</strong></span> <span class='ocrx_word' id='word_1_195' title='bbox 497 2212 535 2255; x_wconf 88' lang='lat' dir='ltr'><strong>ne</strong></span> <span class='ocrx_word' id='word_1_196' title='bbox 549 2193 619 2272; x_wconf 90' lang='lat' dir='ltr'><strong>quid</strong></span> <span class='ocrx_word' id='word_1_197' title='bbox 636 2192 715 2255; x_wconf 90' lang='lat' dir='ltr'><strong>aliud</strong></span> <span class='ocrx_word' id='word_1_198' title='bbox 729 2213 816 2255; x_wconf 89' lang='lat' dir='ltr'><strong>cures</strong></span> <span class='ocrx_word' id='word_1_199' title='bbox 830 2194 887 2256; x_wconf 91' lang='lat' dir='ltr'><strong>hoc</strong></span> <span class='ocrx_word' id='word_1_200' title='bbox 902 2204 1043 2275; x_wconf 87' lang='lat' dir='ltr'><strong>tempore,</strong></span> <span class='ocrx_word' id='word_1_201' title='bbox 1059 2197 1116 2256; x_wconf 91' lang='lat' dir='ltr'><strong>nisi</strong></span> <span class='ocrx_word' id='word_1_202' title='bbox 1129 2205 1161 2259; x_wconf 91' lang='lat' dir='ltr'><strong>ut</strong></span> <span class='ocrx_word' id='word_1_203' title='bbox 1176 2215 1264 2278; x_wconf 89' lang='lat' dir='ltr'><strong>qnam</strong></span> 
     </span>
     <span class='ocr_line' id='line_1_22' title="bbox 151 2277 1264 2359; baseline 0.002 -17"><span class='ocrx_word' id='word_1_204' title='bbox 151 2281 388 2343; x_wconf 86' lang='lat' dir='ltr'><strong>commodissime</strong></span> <span class='ocrx_word' id='word_1_205' title='bbox 403 2277 599 2340; x_wconf 88' lang='lat' dir='ltr'><strong>convalescas.</strong></span> <span class='ocrx_word' id='word_1_206' title='bbox 635 2277 701 2339; x_wconf 90' lang='lat' dir='ltr'><strong>Non</strong></span> <span class='ocrx_word' id='word_1_207' title='bbox 718 2280 833 2357; x_wconf 83' lang='lat' dir='ltr'><strong>ignoro,</strong></span> <span class='ocrx_word' id='word_1_208' title='bbox 852 2286 993 2359; x_wconf 88' lang='lat' dir='ltr'><strong>quantum</strong></span> <span class='ocrx_word' id='word_1_209' title='bbox 1011 2299 1047 2343; x_wconf 86' lang='lat' dir='ltr'><strong>ex</strong></span> <span class='ocrx_word' id='word_1_210' title='bbox 1061 2281 1207 2344; x_wconf 90' lang='lat' dir='ltr'><strong>desiderio</strong></span> <span class='ocrx_word' id='word_1_211' title='bbox 1222 2280 1264 2344; x_wconf 93' lang='lat' dir='ltr'><strong>la·</strong></span> 
     </span>
     <span class='ocr_line' id='line_1_23' title="bbox 149 2361 1264 2437; baseline 0.004 -12"><span class='ocrx_word' id='word_1_212' title='bbox 149 2364 255 2432; x_wconf 90' lang='lat' dir='ltr'><strong>bores;</strong></span> <span class='ocrx_word' id='word_1_213' title='bbox 274 2364 427 2425; x_wconf 87' lang='lat' dir='ltr'><strong>sederunt</strong></span> <span class='ocrx_word' id='word_1_214' title='bbox 450 2364 548 2423; x_wconf 80' lang='lat' dir='ltr'><strong>omnIa</strong></span> <span class='ocrx_word' id='word_1_215' title='bbox 564 2361 675 2432; x_wconf 81' lang='lat' dir='ltr'><strong>facilia,</strong></span> <span class='ocrx_word' id='word_1_216' title='bbox 697 2364 723 2424; x_wconf 93' lang='lat' dir='ltr'><strong>si</strong></span> <span class='ocrx_word' id='word_1_217' title='bbox 735 2362 854 2426; x_wconf 90' lang='lat' dir='ltr'><strong>valebis.</strong></span> <span class='ocrx_word' id='word_1_218' title='bbox 889 2364 1040 2427; x_wconf 86' lang='lat' dir='ltr'><strong>Festinare</strong></span> <span class='ocrx_word' id='word_1_219' title='bbox 1065 2372 1094 2428; x_wconf 90' lang='lat' dir='ltr'><strong>te</strong></span> <span class='ocrx_word' id='word_1_220' title='bbox 1117 2366 1202 2437; x_wconf 89' lang='lat' dir='ltr'><strong>nolo,</strong></span> <span class='ocrx_word' id='word_1_221' title='bbox 1225 2384 1264 2429; x_wconf 93' lang='lat' dir='ltr'><strong>ne</strong></span> 
     </span>
     <span class='ocr_line' id='line_1_24' title="bbox 150 2445 1260 2529; baseline 0.004 -21"><span class='ocrx_word' id='word_1_222' title='bbox 150 2465 278 2509; x_wconf 89' lang='lat' dir='ltr'><strong>nauseae</strong></span> <span class='ocrx_word' id='word_1_223' title='bbox 304 2445 467 2508; x_wconf 80' lang='lat' dir='ltr'><strong>mulestIam</strong></span> <span class='ocrx_word' id='word_1_224' title='bbox 494 2448 635 2526; x_wconf 89' lang='lat' dir='ltr'><strong>suscipias</strong></span> <span class='ocrx_word' id='word_1_225' title='bbox 655 2463 744 2526; x_wconf 82' lang='lat' dir='ltr'><strong>aeger</strong></span> <span class='ocrx_word' id='word_1_226' title='bbox 769 2456 799 2509; x_wconf 90' lang='lat' dir='ltr'><strong>et</strong></span> <span class='ocrx_word' id='word_1_227' title='bbox 824 2448 988 2526; x_wconf 91' lang='lat' dir='ltr'><strong>periculose</strong></span> <span class='ocrx_word' id='word_1_228' title='bbox 1013 2451 1110 2512; x_wconf 90' lang='lat' dir='ltr'><strong>hieme</strong></span> <span class='ocrx_word' id='word_1_229' title='bbox 1134 2453 1260 2529; x_wconf 81' lang='lat' dir='ltr'><strong>naviges.</strong></span> 
     </span>
     <span class='ocr_line' id='line_1_25' title="bbox 150 2531 1302 2610; baseline 0.005 -18"><span class='ocrx_word' id='word_1_230' title='bbox 150 2532 215 2610; x_wconf 83' lang='lat' dir='ltr'><strong>Ego</strong></span> <span class='ocrx_word' id='word_1_231' title='bbox 230 2531 267 2591; x_wconf 86' lang='lat' dir='ltr'><strong>ad</strong></span> <span class='ocrx_word' id='word_1_232' title='bbox 288 2531 394 2592; x_wconf 92' lang='lat' dir='ltr'><strong>urbem</strong></span> <span class='ocrx_word' id='word_1_233' title='bbox 413 2531 523 2591; x_wconf 87' lang='lat' dir='ltr'><strong>accessi</strong></span> <span class='ocrx_word' id='word_1_234' title='bbox 543 2531 638 2607; x_wconf 90' lang='lat' dir='ltr'><strong>pridie</strong></span> <span class='ocrx_word' id='word_1_235' title='bbox 652 2531 750 2593; x_wconf 89' lang='lat' dir='ltr'><strong>Nonas</strong></span> <span class='ocrx_word' id='word_1_236' title='bbox 768 2531 883 2605; x_wconf 86' lang='lat' dir='ltr'><strong>Ianuar.</strong></span> <span class='ocrx_word' id='word_1_237' title='bbox 925 2532 1045 2596; x_wconf 89' lang='lat' dir='ltr'><strong>Obviam</strong></span> <span class='ocrx_word' id='word_1_238' title='bbox 1060 2534 1132 2595; x_wconf 88' lang='lat' dir='ltr'><strong>mihi</strong></span> <span class='ocrx_word' id='word_1_239' title='bbox 1153 2537 1195 2597; x_wconf 89' lang='lat' dir='ltr'><strong>sic</strong></span> <span class='ocrx_word' id='word_1_240' title='bbox 1218 2544 1261 2597; x_wconf 90' lang='lat' dir='ltr'><strong>est</strong></span> <span class='ocrx_word' id='word_1_241' title='bbox 1281 2541 1302 2604; x_wconf 81' lang='grc'>2</span> 
     </span>
     <span class='ocr_line' id='line_1_26' title="bbox 150 2613 1263 2699; baseline 0.004 -23"><span class='ocrx_word' id='word_1_242' title='bbox 150 2615 315 2695; x_wconf 85' lang='lat' dir='ltr'><strong>proditum,</strong></span> <span class='ocrx_word' id='word_1_243' title='bbox 331 2623 364 2676; x_wconf 83' lang='lat' dir='ltr'><strong>ut</strong></span> <span class='ocrx_word' id='word_1_244' title='bbox 379 2613 451 2674; x_wconf 91' lang='lat' dir='ltr'><strong>nihil</strong></span> <span class='ocrx_word' id='word_1_245' title='bbox 466 2621 565 2694; x_wconf 87' lang='lat' dir='ltr'><strong>posset</strong></span> <span class='ocrx_word' id='word_1_246' title='bbox 579 2616 645 2675; x_wconf 81' lang='lat' dir='ltr'><strong>lieri</strong></span> <span class='ocrx_word' id='word_1_247' title='bbox 658 2618 800 2679; x_wconf 87' lang='lat' dir='ltr'><strong>ornatius.</strong></span> <span class='ocrx_word' id='word_1_248' title='bbox 840 2616 898 2679; x_wconf 91' lang='lat' dir='ltr'><strong>Sed</strong></span> <span class='ocrx_word' id='word_1_249' title='bbox 915 2618 1002 2679; x_wconf 91' lang='lat' dir='ltr'><strong>incidi</strong></span> <span class='ocrx_word' id='word_1_250' title='bbox 1021 2621 1051 2680; x_wconf 91' lang='lat' dir='ltr'><strong>in</strong></span> <span class='ocrx_word' id='word_1_251' title='bbox 1067 2620 1160 2699; x_wconf 91' lang='lat' dir='ltr'><strong>ipsam</strong></span> <span class='ocrx_word' id='word_1_252' title='bbox 1180 2619 1263 2683; x_wconf 90' lang='lat' dir='ltr'><strong>llam·</strong></span> 
     </span>
    </p>
   </div>
   <div class='ocr_carea' id='block_1_7' title="bbox 149 2762 1269 4313">
    <p class='ocr_par' dir='ltr' id='par_1_7' title="bbox 150 2762 1269 3236">
     <span class='ocr_line' id='line_1_27' title="bbox 151 2762 1265 2835; baseline 0.004 -18"><span class='ocrx_word' id='word_1_253' title='bbox 151 2765 275 2817; x_wconf 85' lang='lat' dir='ltr'><strong>worden.</strong></span> <span class='ocrx_word' id='word_1_254' title='bbox 293 2789 328 2803; x_wconf 80' lang='grc'><strong>-·</strong></span> <span class='ocrx_word' id='word_1_255' title='bbox 344 2764 375 2815; x_wconf 79' lang='lat' dir='ltr'><strong>in</strong></span> <span class='ocrx_word' id='word_1_256' title='bbox 393 2770 523 2830; x_wconf 80' lang='lat' dir='ltr'><strong>quartam</strong></span> <span class='ocrx_word' id='word_1_257' title='bbox 534 2762 611 2831; x_wconf 73' lang='lat' dir='ltr'><strong>ten]</strong></span> <span class='ocrx_word' id='word_1_258' title='bbox 625 2764 683 2816; x_wconf 85' lang='lat' dir='ltr'><strong>He·</strong></span> <span class='ocrx_word' id='word_1_259' title='bbox 768 2768 794 2820; x_wconf 79' lang='lat'><strong>4.</strong></span> <span class='ocrx_word' id='word_1_260' title='bbox 811 2784 844 2817; x_wconf 84' lang='lat' dir='ltr'><strong>uc</strong></span> <span class='ocrx_word' id='word_1_261' title='bbox 861 2775 961 2820; x_wconf 82' lang='lat' dir='ltr'><strong>cnutus</strong></span> <span class='ocrx_word' id='word_1_262' title='bbox 980 2768 1035 2835; x_wconf 81' lang='lat' dir='ltr'><strong>eis]</strong></span> <span class='ocrx_word' id='word_1_263' title='bbox 1049 2768 1209 2823; x_wconf 79' lang='lat' dir='ltr'><strong>acfrirsed.</strong></span> <span class='ocrx_word' id='word_1_264' title='bbox 1235 2772 1265 2823; x_wconf 79' lang='lat' dir='ltr'><strong>S.</strong></span> 
     </span>
     <span class='ocr_line' id='line_1_28' title="bbox 151 2830 1269 2904; baseline 0.006 -20"><span class='ocrx_word' id='word_1_265' title='bbox 151 2835 264 2885; x_wconf 82' lang='lat' dir='ltr'><strong>bdomue</strong></span> <span class='ocrx_word' id='word_1_266' title='bbox 291 2830 458 2884; x_wconf 77' lang='lat' dir='ltr'><strong>bezeichnet</strong></span> <span class='ocrx_word' id='word_1_267' title='bbox 479 2831 558 2883; x_wconf 88' lang='lat' dir='ltr'><strong>nicht</strong></span> <span class='ocrx_word' id='word_1_268' title='bbox 581 2848 684 2884; x_wconf 85' lang='lat' dir='ltr'><strong>uusere</strong></span> <span class='ocrx_word' id='word_1_269' title='bbox 733 2833 934 2887; x_wconf 79' lang='lat' dir='ltr'><strong>z.1.18.19.</strong></span> <span class='ocrx_word' id='word_1_270' title='bbox 969 2836 1032 2903; x_wconf 83' lang='lat' dir='ltr'><strong>Vgl.</strong></span> <span class='ocrx_word' id='word_1_271' title='bbox 1051 2836 1125 2904; x_wconf 85' lang='lat' dir='ltr'><strong>Nep.</strong></span> <span class='ocrx_word' id='word_1_272' title='bbox 1142 2836 1223 2891; x_wconf 86' lang='lat' dir='ltr'><strong>Eum.</strong></span> <span class='ocrx_word' id='word_1_273' title='bbox 1242 2840 1269 2892; x_wconf 84' lang='lat'><strong>6.</strong></span> 
     </span>
     <span class='ocr_line' id='line_1_29' title="bbox 150 2897 1267 2969; baseline 0.005 -18"><span class='ocrx_word' id='word_1_274' title='bbox 150 2901 271 2965; x_wconf 87' lang='lat' dir='ltr'><strong>Wocbe,</strong></span> <span class='ocrx_word' id='word_1_275' title='bbox 289 2900 353 2952; x_wconf 88' lang='lat' dir='ltr'><strong>eine</strong></span> <span class='ocrx_word' id='word_1_276' title='bbox 366 2897 618 2966; x_wconf 83' lang='lat' dir='ltr'><strong>Zeiteintbeilung‚</strong></span> <span class='ocrx_word' id='word_1_277' title='bbox 636 2900 683 2952; x_wconf 89' lang='lat' dir='ltr'><strong>die</strong></span> <span class='ocrx_word' id='word_1_278' title='bbox 734 2900 828 2951; x_wconf 81' lang='lat' dir='ltr'><strong>euasit</strong></span> <span class='ocrx_word' id='word_1_279' title='bbox 850 2901 887 2967; x_wconf 82' lang='lat' dir='ltr'><strong>ei,</strong></span> <span class='ocrx_word' id='word_1_280' title='bbox 911 2918 946 2953; x_wconf 81' lang='lat' dir='ltr'><strong>uc</strong></span> <span class='ocrx_word' id='word_1_281' title='bbox 969 2920 997 2953; x_wconf 85' lang='lat' dir='ltr'><strong>se</strong></span> <span class='ocrx_word' id='word_1_282' title='bbox 1020 2911 1151 2969; x_wconf 84' lang='lat' dir='ltr'><strong>moveret,</strong></span> <span class='ocrx_word' id='word_1_283' title='bbox 1176 2912 1204 2956; x_wconf 84' lang='lat' dir='ltr'><strong>et</strong></span> <span class='ocrx_word' id='word_1_284' title='bbox 1220 2922 1267 2957; x_wconf 76' lang='lat' dir='ltr'><strong>ex-</strong></span> 
     </span>
     <span class='ocr_line' id='line_1_30' title="bbox 151 2965 1268 3037; baseline 0.004 -16"><span class='ocrx_word' id='word_1_285' title='bbox 151 2968 205 3021; x_wconf 90' lang='lat' dir='ltr'><strong>den</strong></span> <span class='ocrx_word' id='word_1_286' title='bbox 218 2968 341 3020; x_wconf 83' lang='lat' dir='ltr'><strong>Rdmern</strong></span> <span class='ocrx_word' id='word_1_287' title='bbox 360 2965 450 3018; x_wconf 87' lang='lat' dir='ltr'><strong>fremd</strong></span> <span class='ocrx_word' id='word_1_288' title='bbox 466 2983 541 3030; x_wconf 80' lang='lat' dir='ltr'><strong>war,</strong></span> <span class='ocrx_word' id='word_1_289' title='bbox 558 2967 681 3019; x_wconf 87' lang='lat' dir='ltr'><strong>sondern</strong></span> <span class='ocrx_word' id='word_1_290' title='bbox 734 2974 878 3035; x_wconf 74' lang='lat' dir='ltr'><strong>spectaret.</strong></span> <span class='ocrx_word' id='word_1_291' title='bbox 893 2995 920 3005; x_wconf 90' lang='lat'><em>-</em></span> <span class='ocrx_word' id='word_1_292' title='bbox 935 2986 997 3021; x_wconf 83' lang='lat' dir='ltr'><strong>oum</strong></span> <span class='ocrx_word' id='word_1_293' title='bbox 1007 2970 1153 3037; x_wconf 77' lang='lat' dir='ltr'><strong>Mescinio]</strong></span> <span class='ocrx_word' id='word_1_294' title='bbox 1166 2989 1206 3027; x_wconf 84' lang='lat' dir='ltr'><strong>sc.</strong></span> <span class='ocrx_word' id='word_1_295' title='bbox 1218 2988 1268 3026; x_wconf 82' lang='lat' dir='ltr'><strong>nu-</strong></span> 
     </span>
     <span class='ocr_line' id='line_1_31' title="bbox 151 3032 1266 3105; baseline 0.005 -18"><span class='ocrx_word' id='word_1_296' title='bbox 151 3036 205 3087; x_wconf 88' lang='lat' dir='ltr'><strong>den</strong></span> <span class='ocrx_word' id='word_1_297' title='bbox 223 3035 371 3087; x_wconf 86' lang='lat' dir='ltr'><strong>siebenteu</strong></span> <span class='ocrx_word' id='word_1_298' title='bbox 387 3032 431 3085; x_wconf 81' lang='lat' dir='ltr'><strong>Ta</strong></span> <span class='ocrx_word' id='word_1_299' title='bbox 456 3072 464 3099; x_wconf 92' lang='lat'>‚</span> <span class='ocrx_word' id='word_1_300' title='bbox 489 3034 541 3085; x_wconf 88' lang='lat' dir='ltr'><strong>der</strong></span> <span class='ocrx_word' id='word_1_301' title='bbox 562 3034 682 3087; x_wconf 87' lang='lat' dir='ltr'><strong>beiden</strong></span> <span class='ocrx_word' id='word_1_302' title='bbox 734 3034 848 3103; x_wconf 71' lang='lat' dir='ltr'><strong>rigu—</strong></span> <span class='ocrx_word' id='word_1_303' title='bbox 860 3036 1266 3105; x_wconf 79' lang='lat' dir='ltr'><strong>tc—stiterisJDerAusdruck</strong></span> 
     </span>
     <span class='ocr_line' id='line_1_32' title="bbox 150 3050 1265 3174; baseline 0.005 -19"><span class='ocrx_word' id='word_1_304' title='bbox 150 3102 272 3155; x_wconf 85' lang='lat' dir='ltr'><strong>Aerzten</strong></span> <span class='ocrx_word' id='word_1_305' title='bbox 290 3102 338 3154; x_wconf 76' lang='lat' dir='ltr'><strong>fur</strong></span> <span class='ocrx_word' id='word_1_306' title='bbox 355 3050 473 3153; x_wconf 53' lang='lat' dir='ltr'><strong>Kransske</strong></span> <span class='ocrx_word' id='word_1_307' title='bbox 497 3100 539 3152; x_wconf 87' lang='lat' dir='ltr'><strong>als</strong></span> <span class='ocrx_word' id='word_1_308' title='bbox 562 3101 682 3154; x_wconf 84' lang='lat' dir='ltr'><strong>kritisch</strong></span> <span class='ocrx_word' id='word_1_309' title='bbox 733 3102 773 3154; x_wconf 89' lang='lat' dir='ltr'><strong>ist</strong></span> <span class='ocrx_word' id='word_1_310' title='bbox 789 3118 839 3154; x_wconf 85' lang='lat' dir='ltr'><strong>aus</strong></span> <span class='ocrx_word' id='word_1_311' title='bbox 860 3102 911 3155; x_wconf 84' lang='lat' dir='ltr'><strong>der</strong></span> <span class='ocrx_word' id='word_1_312' title='bbox 928 3103 1181 3174; x_wconf 82' lang='lat' dir='ltr'><strong>Gerichtssprache</strong></span> <span class='ocrx_word' id='word_1_313' title='bbox 1202 3116 1265 3161; x_wconf 86' lang='lat' dir='ltr'><strong>ent-</strong></span> 
     </span>
     <span class='ocr_line' id='line_1_33' title="bbox 151 3168 819 3236; baseline 0 -15"><span class='ocrx_word' id='word_1_314' title='bbox 151 3170 220 3236; x_wconf 84' lang='lat' dir='ltr'><strong>galt.</strong></span> <span class='ocrx_word' id='word_1_315' title='bbox 237 3170 389 3236; x_wconf 81' lang='lat' dir='ltr'><strong>Septimum</strong></span> <span class='ocrx_word' id='word_1_316' title='bbox 400 3184 531 3235; x_wconf 82' lang='lat' dir='ltr'><strong>quemque</strong></span> <span class='ocrx_word' id='word_1_317' title='bbox 543 3168 614 3219; x_wconf 77' lang='lat' dir='ltr'><strong>diem</strong></span> <span class='ocrx_word' id='word_1_318' title='bbox 621 3169 682 3234; x_wconf 76' lang='grc' dir='ltr'><strong><em>κρί-</em></strong></span> <span class='ocrx_word' id='word_1_319' title='bbox 732 3169 819 3221; x_wconf 81' lang='lat' dir='ltr'><strong>lebnt.</strong></span> 
     </span>
    </p>

    <p class='ocr_par' dir='ltr' id='par_1_8' title="bbox 149 3235 1266 3838">
     <span class='ocr_line' id='line_1_34' title="bbox 150 3235 1265 3307; baseline 0.008 -20"><span class='ocrx_word' id='word_1_320' title='bbox 150 3252 235 3302; x_wconf 81' lang='grc' dir='ltr'><strong>σιμον</strong></span> <span class='ocrx_word' id='word_1_321' title='bbox 251 3238 407 3288; x_wconf 80' lang='lat' dir='ltr'><strong>observant.</strong></span> <span class='ocrx_word' id='word_1_322' title='bbox 432 3235 581 3288; x_wconf 77' lang='lat' dir='ltr'><strong>censorin.</strong></span> <span class='ocrx_word' id='word_1_323' title='bbox 594 3236 621 3288; x_wconf 84' lang='lat' dir='ltr'><strong>d.</strong></span> <span class='ocrx_word' id='word_1_324' title='bbox 634 3236 681 3289; x_wconf 86' lang='lat' dir='ltr'><strong>die</strong></span> <span class='ocrx_word' id='word_1_325' title='bbox 766 3238 863 3288; x_wconf 75' lang='lat' dir='ltr'><strong>Emer.</strong></span> <span class='ocrx_word' id='word_1_326' title='bbox 879 3239 1022 3291; x_wconf 88' lang='lat' dir='ltr'>XXVIIII.</span> <span class='ocrx_word' id='word_1_327' title='bbox 1045 3242 1117 3305; x_wconf 76' lang='lat'><strong>(705.</strong></span> <span class='ocrx_word' id='word_1_328' title='bbox 1132 3242 1188 3307; x_wconf 80' lang='grc'>49.)</span> <span class='ocrx_word' id='word_1_329' title='bbox 1212 3243 1265 3297; x_wconf 84' lang='lat' dir='ltr'><strong>Am</strong></span> 
     </span>
     <span class='ocr_line' id='line_1_35' title="bbox 152 3303 1266 3366; baseline 0.007 -12"><span class='ocrx_word' id='word_1_330' title='bbox 152 3310 211 3354; x_wconf 86' lang='lat' dir='ltr'><strong>nat.</strong></span> <span class='ocrx_word' id='word_1_331' title='bbox 229 3319 252 3353; x_wconf 89' lang='lat' dir='ltr'><strong>c.</strong></span> <span class='ocrx_word' id='word_1_332' title='bbox 270 3305 311 3352; x_wconf 92' lang='lat'><strong>11.</strong></span> <span class='ocrx_word' id='word_1_333' title='bbox 348 3303 458 3366; x_wconf 80' lang='lat' dir='ltr'><strong>Quarta</strong></span> <span class='ocrx_word' id='word_1_334' title='bbox 476 3304 624 3354; x_wconf 77' lang='lat' dir='ltr'><strong>hebdomas</strong></span> <span class='ocrx_word' id='word_1_335' title='bbox 641 3304 682 3357; x_wconf 84' lang='lat' dir='ltr'><strong>ist</strong></span> <span class='ocrx_word' id='word_1_336' title='bbox 730 3304 832 3356; x_wconf 67' lang='lat' dir='ltr'><strong>etan.</strong></span> <span class='ocrx_word' id='word_1_337' title='bbox 844 3321 905 3357; x_wconf 84' lang='lat' dir='ltr'><strong>war</strong></span> <span class='ocrx_word' id='word_1_338' title='bbox 915 3305 1018 3359; x_wconf 85' lang='lat' dir='ltr'><strong>Cicero</strong></span> <span class='ocrx_word' id='word_1_339' title='bbox 1026 3324 1078 3359; x_wconf 86' lang='lat' dir='ltr'><strong>vor</strong></span> <span class='ocrx_word' id='word_1_340' title='bbox 1087 3308 1141 3360; x_wconf 90' lang='lat' dir='ltr'><strong>deu</strong></span> <span class='ocrx_word' id='word_1_341' title='bbox 1150 3308 1266 3362; x_wconf 82' lang='lat' dir='ltr'><strong>Theren</strong></span> 
     </span>
     <span class='ocr_line' id='line_1_36' title="bbox 151 3368 1265 3441; baseline 0.007 -20"><span class='ocrx_word' id='word_1_342' title='bbox 151 3369 211 3421; x_wconf 85' lang='lat' dir='ltr'><strong>also</strong></span> <span class='ocrx_word' id='word_1_343' title='bbox 224 3369 275 3420; x_wconf 90' lang='lat' dir='ltr'><strong>der</strong></span> <span class='ocrx_word' id='word_1_344' title='bbox 286 3384 348 3419; x_wconf 79' lang='lat' dir='ltr'><strong>zum</strong></span> <span class='ocrx_word' id='word_1_345' title='bbox 358 3368 468 3422; x_wconf 86' lang='lat' dir='ltr'><strong>vierten</strong></span> <span class='ocrx_word' id='word_1_346' title='bbox 476 3369 553 3423; x_wconf 86' lang='lat' dir='ltr'><strong>Male</strong></span> <span class='ocrx_word' id='word_1_347' title='bbox 561 3370 683 3423; x_wconf 87' lang='lat' dir='ltr'><strong>wieder·</strong></span> <span class='ocrx_word' id='word_1_348' title='bbox 732 3372 784 3423; x_wconf 87' lang='lat' dir='ltr'><strong>der</strong></span> <span class='ocrx_word' id='word_1_349' title='bbox 796 3372 973 3439; x_wconf 83' lang='lat' dir='ltr'><strong>Hauptstedt</strong></span> <span class='ocrx_word' id='word_1_350' title='bbox 988 3374 1202 3441; x_wconf 72' lang='lat' dir='ltr'><strong>angelomum,</strong></span> <span class='ocrx_word' id='word_1_351' title='bbox 1219 3377 1265 3430; x_wconf 91' lang='lat' dir='ltr'><strong>die</strong></span> 
     </span>
     <span class='ocr_line' id='line_1_37' title="bbox 150 3434 1265 3506; baseline 0.007 -18"><span class='ocrx_word' id='word_1_352' title='bbox 150 3434 429 3488; x_wconf 83' lang='lat' dir='ltr'><strong>kehrendesiebcnte</strong></span> <span class='ocrx_word' id='word_1_353' title='bbox 438 3436 508 3503; x_wconf 58' lang='grc' dir='ltr'><strong>Τις.</strong></span> <span class='ocrx_word' id='word_1_354' title='bbox 521 3466 553 3475; x_wconf 86' lang='grc'><strong>-</strong></span> <span class='ocrx_word' id='word_1_355' title='bbox 584 3436 679 3506; x_wconf 72' lang='lat' dir='ltr'><strong>ardori]</strong></span> <span class='ocrx_word' id='word_1_356' title='bbox 732 3456 764 3490; x_wconf 90' lang='lat' dir='ltr'><strong>er</strong></span> <span class='ocrx_word' id='word_1_357' title='bbox 777 3438 828 3491; x_wconf 83' lang='lat' dir='ltr'><strong>mit</strong></span> <span class='ocrx_word' id='word_1_358' title='bbox 839 3438 953 3493; x_wconf 76' lang='lat' dir='ltr'><strong>dem&#39;Im</strong></span> <span class='ocrx_word' id='word_1_359' title='bbox 976 3440 1064 3493; x_wconf 90' lang='lat' dir='ltr'><strong>erinm</strong></span> <span class='ocrx_word' id='word_1_360' title='bbox 1076 3442 1155 3494; x_wconf 86' lang='lat' dir='ltr'><strong>nicht</strong></span> <span class='ocrx_word' id='word_1_361' title='bbox 1169 3443 1265 3496; x_wconf 85' lang='lat' dir='ltr'><strong>betre-</strong></span> 
     </span>
     <span class='ocr_line' id='line_1_38' title="bbox 150 3455 1264 3565; baseline 0.007 -10"><span class='ocrx_word' id='word_1_362' title='bbox 150 3502 387 3565; x_wconf 78' lang='lat' dir='ltr'><strong>Scbaicbterubeit‚</strong></span> <span class='ocrx_word' id='word_1_363' title='bbox 401 3503 446 3554; x_wconf 88' lang='lat' dir='ltr'><strong>die</strong></span> <span class='ocrx_word' id='word_1_364' title='bbox 457 3502 503 3554; x_wconf 90' lang='lat' dir='ltr'><strong>ibn</strong></span> <span class='ocrx_word' id='word_1_365' title='bbox 513 3455 681 3557; x_wconf 48' lang='lat' dir='ltr'><strong>verbinder-</strong></span> <span class='ocrx_word' id='word_1_366' title='bbox 733 3511 780 3557; x_wconf 89' lang='lat' dir='ltr'><strong>ten</strong></span> <span class='ocrx_word' id='word_1_367' title='bbox 798 3506 896 3559; x_wconf 83' lang='lat' dir='ltr'><strong>durlte</strong></span> <span class='ocrx_word' id='word_1_368' title='bbox 909 3458 1114 3563; x_wconf 74' lang='lat' dir='ltr'><strong>unalzundchst</strong></span> <span class='ocrx_word' id='word_1_369' title='bbox 1125 3510 1203 3563; x_wconf 86' lang='lat' dir='ltr'><strong>nicht·</strong></span> <span class='ocrx_word' id='word_1_370' title='bbox 1214 3512 1264 3563; x_wconf 91' lang='lat' dir='ltr'><strong>be-</strong></span> 
     </span>
     <span class='ocr_line' id='line_1_39' title="bbox 151 3568 1264 3641; baseline 0.005 -18"><span class='ocrx_word' id='word_1_371' title='bbox 151 3577 195 3637; x_wconf 85' lang='lat' dir='ltr'><strong>te,</strong></span> <span class='ocrx_word' id='word_1_372' title='bbox 211 3570 256 3622; x_wconf 91' lang='lat' dir='ltr'><strong>die</strong></span> <span class='ocrx_word' id='word_1_373' title='bbox 269 3568 435 3636; x_wconf 83' lang='lat' dir='ltr'><strong>Einladung</strong></span> <span class='ocrx_word' id='word_1_374' title='bbox 451 3570 635 3628; x_wconf 84' lang='lat' dir='ltr'><strong>abzulehnen.</strong></span> <span class='ocrx_word' id='word_1_375' title='bbox 646 3600 678 3608; x_wconf 89' lang='lat'>—</span> <span class='ocrx_word' id='word_1_376' title='bbox 733 3579 827 3626; x_wconf 87' lang='lat' dir='ltr'><strong>treten</strong></span> <span class='ocrx_word' id='word_1_377' title='bbox 840 3573 951 3641; x_wconf 70' lang='lat' dir='ltr'><strong>inclite,</strong></span> <span class='ocrx_word' id='word_1_378' title='bbox 964 3575 1029 3629; x_wconf 88' lang='lat' dir='ltr'><strong>weil</strong></span> <span class='ocrx_word' id='word_1_379' title='bbox 1042 3594 1074 3629; x_wconf 86' lang='lat' dir='ltr'><strong>er</strong></span> <span class='ocrx_word' id='word_1_380' title='bbox 1086 3594 1141 3629; x_wconf 90' lang='lat' dir='ltr'><strong>nur</strong></span> <span class='ocrx_word' id='word_1_381' title='bbox 1154 3578 1195 3631; x_wconf 81' lang='lat' dir='ltr'><strong>uls</strong></span> <span class='ocrx_word' id='word_1_382' title='bbox 1207 3580 1264 3629; x_wconf 88' lang='lat' dir='ltr'><strong>Im-</strong></span> 
     </span>
     <span class='ocr_line' id='line_1_40' title="bbox 150 3636 1263 3759; baseline 0.006 -68"><span class='ocrx_word' id='word_1_383' title='bbox 150 3636 224 3704; x_wconf 82' lang='lat' dir='ltr'><strong>misi]</strong></span> <span class='ocrx_word' id='word_1_384' title='bbox 239 3637 284 3688; x_wconf 78' lang='lat' dir='ltr'><strong>ich</strong></span> <span class='ocrx_word' id='word_1_385' title='bbox 295 3638 366 3689; x_wconf 80' lang='lat' dir='ltr'><strong>habe</strong></span> <span class='ocrx_word' id='word_1_386' title='bbox 376 3653 462 3703; x_wconf 80' lang='lat' dir='ltr'><strong>sapen</strong></span> <span class='ocrx_word' id='word_1_387' title='bbox 475 3638 576 3689; x_wconf 76' lang='lat' dir='ltr'><strong>tarsen.</strong></span> <span class='ocrx_word' id='word_1_388' title='bbox 589 3666 623 3675; x_wconf 93' lang='lat'><em>-</em></span> <span class='ocrx_word' id='word_1_389' title='bbox 635 3638 681 3690; x_wconf 81' lang='lat' dir='ltr'><strong>eui</strong></span> <span class='ocrx_word' id='word_1_390' title='bbox 731 3647 849 3759; x_wconf 74' lang='lat' dir='ltr'><strong>perator</strong></span> <span class='ocrx_word' id='word_1_391' title='bbox 866 3640 1051 3722; x_wconf 86' lang='lat' dir='ltr'><strong>triumpbircn</strong></span> <span class='ocrx_word' id='word_1_392' title='bbox 1067 3644 1180 3699; x_wconf 84' lang='lat' dir='ltr'><strong>konnte.</strong></span> <span class='ocrx_word' id='word_1_393' title='bbox 1203 3644 1263 3698; x_wconf 88' lang='lat' dir='ltr'><strong>Ue·</strong></span> 
     </span>
     <span class='ocr_line' id='line_1_41' title="bbox 149 3704 1263 3778; baseline 0.007 -21"><span class='ocrx_word' id='word_1_394' title='bbox 149 3704 289 3770; x_wconf 80' lang='lat' dir='ltr'><strong>iussisset]</strong></span> <span class='ocrx_word' id='word_1_395' title='bbox 310 3704 411 3756; x_wconf 79' lang='lat' dir='ltr'><strong>Cicero</strong></span> <span class='ocrx_word' id='word_1_396' title='bbox 432 3704 492 3756; x_wconf 81' lang='lat' dir='ltr'><strong>will</strong></span> <span class='ocrx_word' id='word_1_397' title='bbox 510 3705 562 3757; x_wconf 85' lang='lat' dir='ltr'><strong>uui</strong></span> <span class='ocrx_word' id='word_1_398' title='bbox 576 3704 680 3758; x_wconf 81' lang='lat' dir='ltr'><strong>Curius</strong></span> <span class='ocrx_word' id='word_1_399' title='bbox 751 3725 782 3759; x_wconf 85' lang='lat' dir='ltr'><strong>er</strong></span> <span class='ocrx_word' id='word_1_400' title='bbox 804 3708 849 3761; x_wconf 90' lang='lat' dir='ltr'><strong>die</strong></span> <span class='ocrx_word' id='word_1_401' title='bbox 870 3710 1020 3778; x_wconf 78' lang='lat' dir='ltr'><strong>Vcrgdnge</strong></span> <span class='ocrx_word' id='word_1_402' title='bbox 1041 3712 1070 3764; x_wconf 94' lang='lat' dir='ltr'><strong>in</strong></span> <span class='ocrx_word' id='word_1_403' title='bbox 1095 3712 1163 3765; x_wconf 86' lang='lat' dir='ltr'><strong>Rom</strong></span> <span class='ocrx_word' id='word_1_404' title='bbox 1190 3728 1212 3766; x_wconf 87' lang='lat' dir='ltr'><strong>s.</strong></span> <span class='ocrx_word' id='word_1_405' title='bbox 1236 3713 1263 3765; x_wconf 93' lang='lat' dir='ltr'><strong>d.</strong></span> 
     </span>
     <span class='ocr_line' id='line_1_42' title="bbox 151 3771 956 3838; baseline 0.004 -12"><span class='ocrx_word' id='word_1_406' title='bbox 151 3772 324 3838; x_wconf 82' lang='lat' dir='ltr'><strong>Anweisung</strong></span> <span class='ocrx_word' id='word_1_407' title='bbox 340 3771 429 3824; x_wconf 88' lang='lat' dir='ltr'><strong>einem</strong></span> <span class='ocrx_word' id='word_1_408' title='bbox 442 3788 498 3823; x_wconf 83' lang='lat' dir='ltr'><strong>von</strong></span> <span class='ocrx_word' id='word_1_409' title='bbox 510 3772 612 3824; x_wconf 87' lang='lat' dir='ltr'><strong>dessen</strong></span> <span class='ocrx_word' id='word_1_410' title='bbox 624 3774 680 3825; x_wconf 86' lang='lat' dir='ltr'><strong>Ge·</strong></span> <span class='ocrx_word' id='word_1_411' title='bbox 730 3775 808 3830; x_wconf 77' lang='lat' dir='ltr'><strong>nint.</strong></span> <span class='ocrx_word' id='word_1_412' title='bbox 822 3793 846 3827; x_wconf 83' lang='lat' dir='ltr'><strong>n.</strong></span> <span class='ocrx_word' id='word_1_413' title='bbox 860 3774 886 3829; x_wconf 92' lang='lat' dir='ltr'><strong>J.</strong></span> <span class='ocrx_word' id='word_1_414' title='bbox 899 3778 956 3831; x_wconf 84' lang='lat'><strong>705.</strong></span> 
     </span>
    </p>

    <p class='ocr_par' dir='ltr' id='par_1_9' title="bbox 150 3838 1264 4313">
     <span class='ocr_line' id='line_1_43' title="bbox 151 3838 1264 3911; baseline 0.006 -18"><span class='ocrx_word' id='word_1_415' title='bbox 151 3839 399 3893; x_wconf 75' lang='lat' dir='ltr'><strong>schtftsfreunden</strong></span> <span class='ocrx_word' id='word_1_416' title='bbox 417 3838 447 3892; x_wconf 79' lang='lat' dir='ltr'><strong>Iu</strong></span> <span class='ocrx_word' id='word_1_417' title='bbox 465 3838 537 3891; x_wconf 86' lang='lat' dir='ltr'><strong>Rom</strong></span> <span class='ocrx_word' id='word_1_418' title='bbox 555 3840 605 3892; x_wconf 84' lang='lat' dir='ltr'><strong>dus</strong></span> <span class='ocrx_word' id='word_1_419' title='bbox 623 3857 680 3893; x_wconf 90' lang='lat' dir='ltr'><strong>von</strong></span> <span class='ocrx_word' id='word_1_420' title='bbox 766 3846 790 3897; x_wconf 91' lang='lat'><strong>1.</strong></span> <span class='ocrx_word' id='word_1_421' title='bbox 808 3845 1058 3911; x_wconf 78' lang='lat' dir='ltr'><strong>opportunitatem]</strong></span> <span class='ocrx_word' id='word_1_422' title='bbox 1076 3847 1132 3899; x_wconf 83' lang='lat' dir='ltr'><strong>Das</strong></span> <span class='ocrx_word' id='word_1_423' title='bbox 1146 3845 1264 3900; x_wconf 75' lang='lat' dir='ltr'><strong>Abstra·</strong></span> 
     </span>
     <span class='ocr_line' id='line_1_44' title="bbox 150 3907 1264 3975; baseline 0.006 -15"><span class='ocrx_word' id='word_1_424' title='bbox 150 3909 242 3975; x_wconf 82' lang='lat' dir='ltr'><strong>jenem</strong></span> <span class='ocrx_word' id='word_1_425' title='bbox 259 3908 448 3972; x_wconf 81' lang='lat' dir='ltr'><strong>verausgabte</strong></span> <span class='ocrx_word' id='word_1_426' title='bbox 465 3907 537 3959; x_wconf 81' lang='lat' dir='ltr'><strong>Geld</strong></span> <span class='ocrx_word' id='word_1_427' title='bbox 560 3907 680 3960; x_wconf 77' lang='lat' dir='ltr'><strong>zurdclr-</strong></span> <span class='ocrx_word' id='word_1_428' title='bbox 732 3916 806 3961; x_wconf 85' lang='lat' dir='ltr'><strong>etum</strong></span> <span class='ocrx_word' id='word_1_429' title='bbox 830 3911 906 3963; x_wconf 81' lang='lat' dir='ltr'><strong>steht</strong></span> <span class='ocrx_word' id='word_1_430' title='bbox 928 3912 979 3965; x_wconf 83' lang='lat' dir='ltr'><strong>mit</strong></span> <span class='ocrx_word' id='word_1_431' title='bbox 1001 3913 1172 3967; x_wconf 86' lang='lat' dir='ltr'><strong>Nacbdruck</strong></span> <span class='ocrx_word' id='word_1_432' title='bbox 1193 3918 1264 3967; x_wconf 83' lang='lat' dir='ltr'><strong>stabt</strong></span> 
     </span>
     <span class='ocr_line' id='line_1_45' title="bbox 151 3974 1262 4048; baseline 0.005 -21"><span class='ocrx_word' id='word_1_433' title='bbox 151 3974 681 4041; x_wconf 82' lang='lat' dir='ltr'><strong>neblen.-curaturum]cururebeisst</strong></span> <span class='ocrx_word' id='word_1_434' title='bbox 732 3977 781 4029; x_wconf 83' lang='lat' dir='ltr'><strong>des</strong></span> <span class='ocrx_word' id='word_1_435' title='bbox 803 3978 957 4032; x_wconf 85' lang='lat' dir='ltr'><strong>deutschen</strong></span> <span class='ocrx_word' id='word_1_436' title='bbox 973 3980 1114 4048; x_wconf 79' lang='lat' dir='ltr'><strong>Adjectir.</strong></span> <span class='ocrx_word' id='word_1_437' title='bbox 1149 3981 1178 4032; x_wconf 85' lang='lat' dir='ltr'><strong>S.</strong></span> <span class='ocrx_word' id='word_1_438' title='bbox 1197 3998 1223 4033; x_wconf 85' lang='lat' dir='ltr'><strong>z.</strong></span> <span class='ocrx_word' id='word_1_439' title='bbox 1239 3982 1262 4033; x_wconf 92' lang='lat' dir='ltr'><strong>I.</strong></span> 
     </span>
     <span class='ocr_line' id='line_1_46' title="bbox 151 4040 1264 4114; baseline 0.004 -20"><span class='ocrx_word' id='word_1_440' title='bbox 151 4043 179 4094; x_wconf 89' lang='lat' dir='ltr'><strong>in</strong></span> <span class='ocrx_word' id='word_1_441' title='bbox 189 4045 240 4095; x_wconf 84' lang='lat' dir='ltr'><strong>der</strong></span> <span class='ocrx_word' id='word_1_442' title='bbox 249 4040 417 4094; x_wconf 81' lang='lat' dir='ltr'><strong>Geschriftss</strong></span> <span class='ocrx_word' id='word_1_443' title='bbox 438 4042 535 4095; x_wconf 69' lang='lat' dir='ltr'><strong>roches</strong></span> <span class='ocrx_word' id='word_1_444' title='bbox 545 4042 680 4109; x_wconf 74' lang='lat' dir='ltr'><strong>Zabluup</strong></span> <span class='ocrx_word' id='word_1_445' title='bbox 732 4047 773 4096; x_wconf 84' lang='lat'><strong>18.</strong></span> <span class='ocrx_word' id='word_1_446' title='bbox 787 4048 827 4097; x_wconf 79' lang='lat'><strong>25.</strong></span> <span class='ocrx_word' id='word_1_447' title='bbox 845 4044 962 4099; x_wconf 87' lang='lat' dir='ltr'><strong>Tuscui.</strong></span> <span class='ocrx_word' id='word_1_448' title='bbox 976 4048 1026 4101; x_wconf 86' lang='lat' dir='ltr'><strong>III.</strong></span> <span class='ocrx_word' id='word_1_449' title='bbox 1039 4052 1062 4100; x_wconf 80' lang='lat'><strong>2.</strong></span> <span class='ocrx_word' id='word_1_450' title='bbox 1076 4054 1100 4104; x_wconf 89' lang='lat'><strong>3.</strong></span> <span class='ocrx_word' id='word_1_451' title='bbox 1124 4049 1264 4114; x_wconf 79' lang='lat' dir='ltr'><strong>inficimur</strong></span> 
     </span>
     <span class='ocr_line' id='line_1_47' title="bbox 152 4059 1264 4187; baseline 0.004 -26"><span class='ocrx_word' id='word_1_452' title='bbox 152 4110 257 4162; x_wconf 82' lang='lat' dir='ltr'><strong>leieteu.</strong></span> <span class='ocrx_word' id='word_1_453' title='bbox 276 4137 305 4146; x_wconf 98' lang='lat'><em>-</em></span> <span class='ocrx_word' id='word_1_454' title='bbox 324 4126 357 4159; x_wconf 83' lang='lat' dir='ltr'><strong>eac</strong></span> <span class='ocrx_word' id='word_1_455' title='bbox 373 4059 437 4162; x_wconf 75' lang='lat' dir='ltr'><strong>Kal.</strong></span> <span class='ocrx_word' id='word_1_456' title='bbox 452 4108 533 4175; x_wconf 73' lang='lat' dir='ltr'><strong>latu]</strong></span> <span class='ocrx_word' id='word_1_457' title='bbox 549 4110 580 4161; x_wconf 77' lang='lat' dir='ltr'><strong>t&#39;rt</strong></span> <span class='ocrx_word' id='word_1_458' title='bbox 596 4111 682 4175; x_wconf 76' lang='lat' dir='ltr'><strong>Folqe</strong></span> <span class='ocrx_word' id='word_1_459' title='bbox 731 4112 893 4178; x_wconf 78' lang='lat' dir='ltr'><strong>opinionum</strong></span> <span class='ocrx_word' id='word_1_460' title='bbox 908 4116 1051 4187; x_wconf 75' lang='lat' dir='ltr'><strong>pravitate</strong></span> <span class='ocrx_word' id='word_1_461' title='bbox 1072 4135 1107 4163; x_wconf 58' lang='grc' dir='ltr'>ε</span> <span class='ocrx_word' id='word_1_462' title='bbox 1129 4116 1180 4167; x_wconf 85' lang='lat' dir='ltr'><strong>wir</strong></span> <span class='ocrx_word' id='word_1_463' title='bbox 1196 4132 1264 4166; x_wconf 81' lang='lat' dir='ltr'><strong>auer-</strong></span> 
     </span>
     <span class='ocr_line' id='line_1_48' title="bbox 154 4176 1264 4241; baseline 0.005 -13"><span class='ocrx_word' id='word_1_464' title='bbox 154 4179 201 4228; x_wconf 83' lang='lat' dir='ltr'><strong>dee</strong></span> <span class='ocrx_word' id='word_1_465' title='bbox 212 4184 303 4229; x_wconf 80' lang='lat' dir='ltr'><strong>ersten</strong></span> <span class='ocrx_word' id='word_1_466' title='bbox 315 4176 391 4241; x_wconf 65' lang='lat' dir='ltr'><strong>dan„</strong></span> <span class='ocrx_word' id='word_1_467' title='bbox 405 4192 440 4228; x_wconf 81' lang='lat' dir='ltr'><strong>au</strong></span> <span class='ocrx_word' id='word_1_468' title='bbox 457 4176 518 4229; x_wconf 89' lang='lat' dir='ltr'><strong>dem</strong></span> <span class='ocrx_word' id='word_1_469' title='bbox 531 4176 576 4229; x_wconf 86' lang='lat' dir='ltr'><strong>die</strong></span> <span class='ocrx_word' id='word_1_470' title='bbox 589 4193 679 4231; x_wconf 91' lang='lat' dir='ltr'><strong>neuen</strong></span> <span class='ocrx_word' id='word_1_471' title='bbox 732 4180 786 4231; x_wconf 81' lang='lat' dir='ltr'><strong>den</strong></span> <span class='ocrx_word' id='word_1_472' title='bbox 798 4196 851 4231; x_wconf 78' lang='lat' dir='ltr'><strong>uon</strong></span> <span class='ocrx_word' id='word_1_473' title='bbox 864 4182 1024 4234; x_wconf 77' lang='lat' dir='ltr'><strong>uertebrteu</strong></span> <span class='ocrx_word' id='word_1_474' title='bbox 1035 4184 1187 4235; x_wconf 80' lang='lat' dir='ltr'><strong>Anaicbten</strong></span> <span class='ocrx_word' id='word_1_475' title='bbox 1206 4184 1264 4234; x_wconf 80' lang='lat' dir='ltr'><strong>eiu-</strong></span> 
     </span>
     <span class='ocr_line' id='line_1_49' title="bbox 153 4243 899 4313; baseline 0.005 -16"><span class='ocrx_word' id='word_1_476' title='bbox 153 4244 320 4311; x_wconf 74' lang='lat' dir='ltr'><strong>magistrate</strong></span> <span class='ocrx_word' id='word_1_477' title='bbox 333 4244 377 4295; x_wconf 87' lang='lat' dir='ltr'><strong>ibr</strong></span> <span class='ocrx_word' id='word_1_478' title='bbox 388 4243 453 4297; x_wconf 73' lang='lat' dir='ltr'><strong>Aac</strong></span> <span class='ocrx_word' id='word_1_479' title='bbox 465 4249 612 4299; x_wconf 71' lang='lat' dir='ltr'><strong>nntreten.¹</strong></span> <span class='ocrx_word' id='word_1_480' title='bbox 730 4263 899 4313; x_wconf 78' lang='lat' dir='ltr'><strong>qeuommeu.</strong></span> 
     </span>
    </p>
   </div>
   <div class='ocr_carea' id='block_1_8' title="bbox 1000 4326 1059 4399">
    <p class='ocr_par' dir='ltr' id='par_1_10' title="bbox 1000 4326 1059 4399">
     <span class='ocr_line' id='line_1_50' title="bbox 1000 4326 1059 4399; baseline 0 -60"><span class='ocrx_word' id='word_1_481' title='bbox 1000 4326 1059 4399; x_wconf 44' lang='grc' dir='ltr'><strong>,μ</strong></span> 
     </span>
    </p>
   </div>
   <div class='ocr_carea' id='block_1_9' title="bbox 0 0 1504 4650">
    <p class='ocr_par' dir='ltr' id='par_1_11' title="bbox 0 0 1504 4650">
     <span class='ocr_line' id='line_1_51' title="bbox 0 0 1504 4650; baseline 0 0"><span class='ocrx_word' id='word_1_482' title='bbox 0 0 1504 4650; x_wconf 95' lang='lat' dir='ltr'><strong> </strong></span> 
     </span>
    </p>
   </div>
  </div>
 </body>
</html>
