<?xml version="1.0" encoding="UTF-8"?>
<!DOCTYPE html PUBLIC "-//W3C//DTD XHTML 1.0 Transitional//EN"
    "http://www.w3.org/TR/xhtml1/DTD/xhtml1-transitional.dtd">
<html xmlns="http://www.w3.org/1999/xhtml" xml:lang="en" lang="en">
 <head>
  <title>
</title>
<meta http-equiv="Content-Type" content="text/html;charset=utf-8" />
  <meta name='ocr-system' content='tesseract 3.04.00' />
  <meta name='ocr-capabilities' content='ocr_page ocr_carea ocr_par ocr_line ocrx_word'/>
</head>
<body>
  <div class='ocr_page' id='page_1' title='image "ausgewhltebrief00freygoog_0108.png"; bbox 0 0 3000 4650; ppageno 0'>
   <div class='ocr_carea' id='block_1_1' title="bbox 254 243 983 308">
    <p class='ocr_par' dir='ltr' id='par_1_1' title="bbox 254 243 983 308">
     <span class='ocr_line' id='line_1_1' title="bbox 254 243 983 308; baseline 0 -2"><span class='ocrx_word' id='word_1_1' title='bbox 254 243 296 306; x_wconf 90' lang='grc'>94</span> <span class='ocrx_word' id='word_1_2' title='bbox 595 282 599 290; x_wconf 54' lang='grc'>’</span> <span class='ocrx_word' id='word_1_3' title='bbox 626 250 686 306; x_wconf 82' lang='lat' dir='ltr'>Llll.</span> <span class='ocrx_word' id='word_1_4' title='bbox 702 251 732 306; x_wconf 94' lang='lat' dir='ltr'>ll.</span> <span class='ocrx_word' id='word_1_5' title='bbox 747 250 850 308; x_wconf 85' lang='lat' dir='ltr'>EPlS&#39;l.</span> <span class='ocrx_word' id='word_1_6' title='bbox 866 253 983 306; x_wconf 79' lang='lat'><strong>21-23.</strong></span> 
     </span>
    </p>
   </div>
   <div class='ocr_carea' id='block_1_2' title="bbox 253 411 1366 579">
    <p class='ocr_par' dir='ltr' id='par_1_2' title="bbox 253 411 1366 579">
     <span class='ocr_line' id='line_1_2' title="bbox 253 411 1366 491; baseline 0.004 -19"><span class='ocrx_word' id='word_1_7' title='bbox 253 413 411 491; x_wconf 87' lang='lat' dir='ltr'>paruisses.</span> <span class='ocrx_word' id='word_1_8' title='bbox 444 413 541 486; x_wconf 81' lang='lat' dir='ltr'><strong>Quare</strong></span> <span class='ocrx_word' id='word_1_9' title='bbox 558 411 616 474; x_wconf 92' lang='lat' dir='ltr'>hoc</span> <span class='ocrx_word' id='word_1_10' title='bbox 631 416 729 476; x_wconf 90' lang='lat' dir='ltr'>animo</span> <span class='ocrx_word' id='word_1_11' title='bbox 744 415 777 475; x_wconf 93' lang='lat' dir='ltr'>in</span> <span class='ocrx_word' id='word_1_12' title='bbox 799 432 852 474; x_wconf 92' lang='lat' dir='ltr'>nos</span> <span class='ocrx_word' id='word_1_13' title='bbox 864 431 929 476; x_wconf 83' lang='lat' dir='ltr'>esse</span> <span class='ocrx_word' id='word_1_14' title='bbox 944 413 1080 483; x_wconf 84' lang='lat' dir='ltr'>debebis,</span> <span class='ocrx_word' id='word_1_15' title='bbox 1108 426 1140 476; x_wconf 85' lang='lat' dir='ltr'>ut</span> <span class='ocrx_word' id='word_1_16' title='bbox 1162 422 1241 476; x_wconf 91' lang='lat' dir='ltr'>aetas</span> <span class='ocrx_word' id='word_1_17' title='bbox 1264 425 1366 476; x_wconf 89' lang='lat' dir='ltr'>nostra</span> 
     </span>
     <span class='ocr_line' id='line_1_3' title="bbox 253 498 1366 579; baseline 0.004 -22"><span class='ocrx_word' id='word_1_18' title='bbox 253 499 313 558; x_wconf 86' lang='lat' dir='ltr'>iam</span> <span class='ocrx_word' id='word_1_19' title='bbox 327 499 536 576; x_wconf 81' lang='lat' dir='ltr'>ingravescens</span> <span class='ocrx_word' id='word_1_20' title='bbox 550 499 581 558; x_wconf 93' lang='lat' dir='ltr'>in</span> <span class='ocrx_word' id='word_1_21' title='bbox 596 517 699 560; x_wconf 89' lang='lat' dir='ltr'>amore</span> <span class='ocrx_word' id='word_1_22' title='bbox 718 509 805 577; x_wconf 91' lang='lat' dir='ltr'>atque</span> <span class='ocrx_word' id='word_1_23' title='bbox 827 501 856 560; x_wconf 91' lang='lat' dir='ltr'>in</span> <span class='ocrx_word' id='word_1_24' title='bbox 876 498 1071 560; x_wconf 87' lang='lat' dir='ltr'>adolescentia</span> <span class='ocrx_word' id='word_1_25' title='bbox 1095 505 1146 559; x_wconf 88' lang='lat' dir='ltr'>tua</span> <span class='ocrx_word' id='word_1_26' title='bbox 1168 502 1366 579; x_wconf 84' lang='lat' dir='ltr'>conquiescat</span> 
     </span>
    </p>
   </div>
   <div class='ocr_carea' id='block_1_3' title="bbox 583 663 1030 846">
    <p class='ocr_par' dir='ltr' id='par_1_3' title="bbox 583 663 1030 846">
     <span class='ocr_line' id='line_1_4' title="bbox 665 663 960 730; baseline 0 -3"><span class='ocrx_word' id='word_1_27' title='bbox 665 664 846 730; x_wconf 75' lang='lat' dir='ltr'>Errsnoun</span> <span class='ocrx_word' id='word_1_28' title='bbox 861 663 960 728; x_wconf 89' lang='lat' dir='ltr'>XXI.</span> 
     </span>
     <span class='ocr_line' id='line_1_5' title="bbox 583 788 1030 846; baseline 0 -2"><span class='ocrx_word' id='word_1_29' title='bbox 583 789 617 844; x_wconf 91' lang='lat' dir='ltr'>ll.</span> <span class='ocrx_word' id='word_1_30' title='bbox 633 788 749 845; x_wconf 83' lang='lat' dir='ltr'>CICERO</span> <span class='ocrx_word' id='word_1_31' title='bbox 764 788 790 844; x_wconf 91' lang='lat' dir='ltr'>S.</span> <span class='ocrx_word' id='word_1_32' title='bbox 806 788 875 844; x_wconf 83' lang='lat' dir='ltr'>uc.</span> <span class='ocrx_word' id='word_1_33' title='bbox 891 788 1030 846; x_wconf 88' lang='lat' dir='ltr'>CUlilONl.</span> 
     </span>
    </p>
   </div>
   <div class='ocr_carea' id='block_1_4' title="bbox 252 919 1367 1416">
    <p class='ocr_par' dir='ltr' id='par_1_4' title="bbox 252 919 1367 1416">
     <span class='ocr_line' id='line_1_6' title="bbox 338 919 1365 1000; baseline 0.002 -20"><span class='ocrx_word' id='word_1_34' title='bbox 338 920 425 980; x_wconf 86' lang='lat' dir='ltr'>Gravi</span> <span class='ocrx_word' id='word_1_35' title='bbox 439 925 515 980; x_wconf 88' lang='lat' dir='ltr'>teste</span> <span class='ocrx_word' id='word_1_36' title='bbox 529 920 660 998; x_wconf 87' lang='lat' dir='ltr'>privatus</span> <span class='ocrx_word' id='word_1_37' title='bbox 678 937 745 980; x_wconf 89' lang='lat' dir='ltr'>sum</span> <span class='ocrx_word' id='word_1_38' title='bbox 764 919 872 979; x_wconf 89' lang='lat' dir='ltr'>amoris</span> <span class='ocrx_word' id='word_1_39' title='bbox 888 921 995 981; x_wconf 90' lang='lat' dir='ltr'>summi</span> <span class='ocrx_word' id='word_1_40' title='bbox 1005 938 1075 999; x_wconf 84' lang='lat' dir='ltr'>erga</span> <span class='ocrx_word' id='word_1_41' title='bbox 1088 929 1118 982; x_wconf 93' lang='lat' dir='ltr'>te</span> <span class='ocrx_word' id='word_1_42' title='bbox 1130 923 1197 992; x_wconf 92' lang='lat' dir='ltr'>mei,</span> <span class='ocrx_word' id='word_1_43' title='bbox 1208 930 1292 1000; x_wconf 90' lang='lat' dir='ltr'>patre</span> <span class='ocrx_word' id='word_1_44' title='bbox 1302 930 1365 993; x_wconf 85' lang='lat' dir='ltr'>tuo,</span> 
     </span>
     <span class='ocr_line' id='line_1_7' title="bbox 255 1001 1366 1084; baseline 0.002 -19"><span class='ocrx_word' id='word_1_45' title='bbox 255 1004 417 1065; x_wconf 90' lang='lat' dir='ltr'>clarissimo</span> <span class='ocrx_word' id='word_1_46' title='bbox 439 1005 517 1071; x_wconf 76' lang='lat' dir='ltr'>viro:</span> <span class='ocrx_word' id='word_1_47' title='bbox 540 1004 590 1082; x_wconf 93' lang='lat' dir='ltr'>qui</span> <span class='ocrx_word' id='word_1_48' title='bbox 612 1021 679 1062; x_wconf 90' lang='lat' dir='ltr'>cum</span> <span class='ocrx_word' id='word_1_49' title='bbox 705 1003 765 1064; x_wconf 86' lang='lat' dir='ltr'>suis</span> <span class='ocrx_word' id='word_1_50' title='bbox 782 1001 918 1064; x_wconf 86' lang='lat' dir='ltr'>laudibus</span> <span class='ocrx_word' id='word_1_51' title='bbox 937 1012 999 1066; x_wconf 87' lang='lat' dir='ltr'>turn</span> <span class='ocrx_word' id='word_1_52' title='bbox 1016 1023 1085 1066; x_wconf 89' lang='lat' dir='ltr'>vero</span> <span class='ocrx_word' id='word_1_53' title='bbox 1102 1013 1131 1065; x_wconf 85' lang='lat' dir='ltr'>te</span> <span class='ocrx_word' id='word_1_54' title='bbox 1148 1005 1207 1066; x_wconf 88' lang='lat' dir='ltr'>filio</span> <span class='ocrx_word' id='word_1_55' title='bbox 1229 1023 1366 1084; x_wconf 87' lang='lat' dir='ltr'>superas-</span> 
     </span>
     <span class='ocr_line' id='line_1_8' title="bbox 253 1086 1366 1170; baseline 0.004 -23"><span class='ocrx_word' id='word_1_56' title='bbox 253 1095 297 1148; x_wconf 84' lang='lat' dir='ltr'>set</span> <span class='ocrx_word' id='word_1_57' title='bbox 311 1086 442 1146; x_wconf 91' lang='lat' dir='ltr'>omnium</span> <span class='ocrx_word' id='word_1_58' title='bbox 456 1087 614 1153; x_wconf 85' lang='lat' dir='ltr'>fortunam,</span> <span class='ocrx_word' id='word_1_59' title='bbox 631 1086 656 1145; x_wconf 90' lang='lat' dir='ltr'>si</span> <span class='ocrx_word' id='word_1_60' title='bbox 677 1088 704 1146; x_wconf 90' lang='lat' dir='ltr'>ei</span> <span class='ocrx_word' id='word_1_61' title='bbox 723 1087 907 1164; x_wconf 76' lang='lat' dir='ltr'>contigisset,</span> <span class='ocrx_word' id='word_1_62' title='bbox 929 1096 961 1149; x_wconf 88' lang='lat' dir='ltr'>ut</span> <span class='ocrx_word' id='word_1_63' title='bbox 982 1095 1011 1149; x_wconf 90' lang='lat' dir='ltr'>te</span> <span class='ocrx_word' id='word_1_64' title='bbox 1026 1097 1093 1150; x_wconf 88' lang='lat' dir='ltr'>aute</span> <span class='ocrx_word' id='word_1_65' title='bbox 1113 1090 1224 1151; x_wconf 89' lang='lat' dir='ltr'>videret</span> <span class='ocrx_word' id='word_1_66' title='bbox 1245 1109 1333 1170; x_wconf 91' lang='lat' dir='ltr'>quam</span> <span class='ocrx_word' id='word_1_67' title='bbox 1349 1111 1366 1151; x_wconf 93' lang='lat' dir='ltr'>a</span> 
     </span>
     <span class='ocr_line' id='line_1_9' title="bbox 253 1169 1364 1252; baseline 0.007 -24"><span class='ocrx_word' id='word_1_68' title='bbox 253 1173 308 1230; x_wconf 87' lang='lat' dir='ltr'>vita</span> <span class='ocrx_word' id='word_1_69' title='bbox 325 1169 498 1231; x_wconf 84' lang='lat' dir='ltr'>discederet.</span> <span class='ocrx_word' id='word_1_70' title='bbox 537 1169 595 1230; x_wconf 86' lang='lat' dir='ltr'>Sed</span> <span class='ocrx_word' id='word_1_71' title='bbox 612 1187 699 1249; x_wconf 87' lang='lat' dir='ltr'>spero</span> <span class='ocrx_word' id='word_1_72' title='bbox 718 1177 849 1232; x_wconf 85' lang='lat' dir='ltr'>nostram</span> <span class='ocrx_word' id='word_1_73' title='bbox 872 1173 1029 1233; x_wconf 91' lang='lat' dir='ltr'>amicitiam</span> <span class='ocrx_word' id='word_1_74' title='bbox 1049 1191 1109 1234; x_wconf 91' lang='lat' dir='ltr'>non</span> <span class='ocrx_word' id='word_1_75' title='bbox 1127 1191 1215 1252; x_wconf 81' lang='lat' dir='ltr'>egere</span> <span class='ocrx_word' id='word_1_76' title='bbox 1232 1175 1364 1236; x_wconf 89' lang='lat' dir='ltr'>testibus.</span> 
     </span>
     <span class='ocr_line' id='line_1_10' title="bbox 253 1253 1367 1332; baseline 0.005 -18"><span class='ocrx_word' id='word_1_77' title='bbox 253 1253 319 1314; x_wconf 87' lang='lat' dir='ltr'>Tibi</span> <span class='ocrx_word' id='word_1_78' title='bbox 342 1254 548 1332; x_wconf 83' lang='lat' dir='ltr'>patrimonium</span> <span class='ocrx_word' id='word_1_79' title='bbox 569 1253 618 1313; x_wconf 89' lang='lat' dir='ltr'>dei</span> <span class='ocrx_word' id='word_1_80' title='bbox 641 1253 807 1322; x_wconf 84' lang='lat' dir='ltr'>fortuneut;</span> <span class='ocrx_word' id='word_1_81' title='bbox 829 1271 877 1314; x_wconf 93' lang='lat' dir='ltr'>me</span> <span class='ocrx_word' id='word_1_82' title='bbox 896 1263 976 1315; x_wconf 88' lang='lat' dir='ltr'>certe</span> <span class='ocrx_word' id='word_1_83' title='bbox 995 1256 1135 1328; x_wconf 90' lang='lat' dir='ltr'>habebis,</span> <span class='ocrx_word' id='word_1_84' title='bbox 1159 1261 1207 1319; x_wconf 92' lang='lat' dir='ltr'>cui</span> <span class='ocrx_word' id='word_1_85' title='bbox 1229 1267 1258 1321; x_wconf 84' lang='lat' dir='ltr'>et</span> <span class='ocrx_word' id='word_1_86' title='bbox 1279 1278 1367 1320; x_wconf 90' lang='lat' dir='ltr'>carus</span> 
     </span>
     <span class='ocr_line' id='line_1_11' title="bbox 252 1337 854 1416; baseline 0.002 -20"><span class='ocrx_word' id='word_1_87' title='bbox 252 1355 346 1416; x_wconf 90' lang='lat' dir='ltr'>aeque</span> <span class='ocrx_word' id='word_1_88' title='bbox 363 1339 403 1397; x_wconf 92' lang='lat' dir='ltr'>sis</span> <span class='ocrx_word' id='word_1_89' title='bbox 423 1343 452 1398; x_wconf 87' lang='lat' dir='ltr'>et</span> <span class='ocrx_word' id='word_1_90' title='bbox 465 1337 610 1398; x_wconf 89' lang='lat' dir='ltr'>iucundus</span> <span class='ocrx_word' id='word_1_91' title='bbox 627 1354 661 1397; x_wconf 91' lang='lat' dir='ltr'>ac</span> <span class='ocrx_word' id='word_1_92' title='bbox 676 1337 757 1397; x_wconf 85' lang='lat' dir='ltr'>fuisti</span> <span class='ocrx_word' id='word_1_93' title='bbox 768 1339 854 1416; x_wconf 90' lang='lat' dir='ltr'>patri.</span> 
     </span>
    </p>
   </div>
   <div class='ocr_carea' id='block_1_5' title="bbox 587 1500 1033 1684">
    <p class='ocr_par' dir='ltr' id='par_1_5' title="bbox 587 1500 1033 1684">
     <span class='ocr_line' id='line_1_12' title="bbox 654 1500 966 1567; baseline -0.006 -1"><span class='ocrx_word' id='word_1_94' title='bbox 654 1502 836 1567; x_wconf 68' lang='lat' dir='ltr'>Eersrorn</span> <span class='ocrx_word' id='word_1_95' title='bbox 850 1500 966 1566; x_wconf 87' lang='lat' dir='ltr'>XXII.</span> 
     </span>
     <span class='ocr_line' id='line_1_13' title="bbox 587 1624 1033 1684; baseline -0.004 -2"><span class='ocrx_word' id='word_1_96' title='bbox 587 1627 621 1682; x_wconf 89' lang='lat' dir='ltr'>bl.</span> <span class='ocrx_word' id='word_1_97' title='bbox 636 1626 751 1684; x_wconf 82' lang='lat' dir='ltr'>CICERO</span> <span class='ocrx_word' id='word_1_98' title='bbox 766 1627 793 1684; x_wconf 85' lang='lat' dir='ltr'>S.</span> <span class='ocrx_word' id='word_1_99' title='bbox 808 1628 837 1683; x_wconf 88' lang='lat' dir='ltr'>o.</span> <span class='ocrx_word' id='word_1_100' title='bbox 853 1627 881 1683; x_wconf 93' lang='lat' dir='ltr'>C.</span> <span class='ocrx_word' id='word_1_101' title='bbox 898 1624 1033 1683; x_wconf 83' lang='lat' dir='ltr'>CURlCNl.</span> 
     </span>
    </p>
   </div>
   <div class='ocr_carea' id='block_1_6' title="bbox 205 1757 1366 2344">
    <p class='ocr_par' dir='ltr' id='par_1_6' title="bbox 214 1757 1366 2251">
     <span class='ocr_line' id='line_1_14' title="bbox 214 1757 1366 1838; baseline 0 -14"><span class='ocrx_word' id='word_1_102' title='bbox 214 1764 232 1824; x_wconf 90' lang='lat'>1</span> <span class='ocrx_word' id='word_1_103' title='bbox 339 1759 441 1838; x_wconf 79' lang='lat' dir='ltr'>liupae</span> <span class='ocrx_word' id='word_1_104' title='bbox 457 1758 587 1818; x_wconf 88' lang='lat' dir='ltr'>studium</span> <span class='ocrx_word' id='word_1_105' title='bbox 605 1776 666 1818; x_wconf 94' lang='lat' dir='ltr'>non</span> <span class='ocrx_word' id='word_1_106' title='bbox 681 1757 774 1819; x_wconf 88' lang='lat' dir='ltr'>deluit</span> <span class='ocrx_word' id='word_1_107' title='bbox 793 1757 1039 1819; x_wconf 83' lang='lat' dir='ltr'>declarandorum</span> <span class='ocrx_word' id='word_1_108' title='bbox 1062 1773 1219 1818; x_wconf 88' lang='lat' dir='ltr'>munerum</span> <span class='ocrx_word' id='word_1_109' title='bbox 1242 1767 1292 1819; x_wconf 86' lang='lat' dir='ltr'>tuo</span> <span class='ocrx_word' id='word_1_110' title='bbox 1311 1783 1366 1824; x_wconf 89' lang='lat' dir='ltr'>no·</span> 
     </span>
     <span class='ocr_line' id='line_1_15' title="bbox 252 1840 1365 1921; baseline 0.003 -18"><span class='ocrx_word' id='word_1_111' title='bbox 252 1845 346 1911; x_wconf 89' lang='lat' dir='ltr'>mine;</span> <span class='ocrx_word' id='word_1_112' title='bbox 365 1843 417 1904; x_wconf 91' lang='lat' dir='ltr'>sed</span> <span class='ocrx_word' id='word_1_113' title='bbox 431 1860 486 1903; x_wconf 87' lang='lat' dir='ltr'>nec</span> <span class='ocrx_word' id='word_1_114' title='bbox 499 1841 571 1901; x_wconf 93' lang='lat' dir='ltr'>mihi</span> <span class='ocrx_word' id='word_1_115' title='bbox 591 1840 701 1921; x_wconf 84' lang='lat' dir='ltr'>placuit</span> <span class='ocrx_word' id='word_1_116' title='bbox 714 1859 771 1902; x_wconf 93' lang='lat' dir='ltr'>nec</span> <span class='ocrx_word' id='word_1_117' title='bbox 793 1845 929 1921; x_wconf 88' lang='lat' dir='ltr'>cuiquam</span> <span class='ocrx_word' id='word_1_118' title='bbox 944 1849 1062 1904; x_wconf 88' lang='lat' dir='ltr'>tuorum</span> <span class='ocrx_word' id='word_1_119' title='bbox 1084 1842 1243 1921; x_wconf 87' lang='lat' dir='ltr'>quidquam</span> <span class='ocrx_word' id='word_1_120' title='bbox 1262 1851 1291 1905; x_wconf 90' lang='lat' dir='ltr'>tc</span> <span class='ocrx_word' id='word_1_121' title='bbox 1313 1847 1365 1906; x_wconf 90' lang='lat' dir='ltr'>ab·</span> 
     </span>
     <span class='ocr_line' id='line_1_16' title="bbox 252 1925 1365 2007; baseline 0.004 -20"><span class='ocrx_word' id='word_1_122' title='bbox 252 1936 335 1988; x_wconf 84' lang='lat' dir='ltr'>sente</span> <span class='ocrx_word' id='word_1_123' title='bbox 350 1927 426 1995; x_wconf 83' lang='lat' dir='ltr'>lieri,</span> <span class='ocrx_word' id='word_1_124' title='bbox 445 1926 524 2005; x_wconf 91' lang='lat' dir='ltr'>quod</span> <span class='ocrx_word' id='word_1_125' title='bbox 537 1925 600 1996; x_wconf 89' lang='lat' dir='ltr'>tibi,</span> <span class='ocrx_word' id='word_1_126' title='bbox 617 1943 706 2004; x_wconf 90' lang='lat' dir='ltr'>quum</span> <span class='ocrx_word' id='word_1_127' title='bbox 721 1928 861 1996; x_wconf 75' lang='lat' dir='ltr'>venisses,</span> <span class='ocrx_word' id='word_1_128' title='bbox 876 1945 937 1986; x_wconf 93' lang='lat' dir='ltr'>non</span> <span class='ocrx_word' id='word_1_129' title='bbox 952 1934 1030 1988; x_wconf 87' lang='lat' dir='ltr'>essct</span> <span class='ocrx_word' id='word_1_130' title='bbox 1039 1928 1197 2004; x_wconf 84' lang='lat' dir='ltr'>integrum.</span> <span class='ocrx_word' id='word_1_131' title='bbox 1219 1927 1365 2007; x_wconf 86' lang='lat' dir='ltr'>Equidem</span> 
     </span>
     <span class='ocr_line' id='line_1_17' title="bbox 252 2010 1363 2091; baseline 0.004 -19"><span class='ocrx_word' id='word_1_132' title='bbox 252 2012 323 2090; x_wconf 91' lang='lat' dir='ltr'>quid</span> <span class='ocrx_word' id='word_1_133' title='bbox 343 2012 481 2080; x_wconf 81' lang='lat' dir='ltr'>sentiam,</span> <span class='ocrx_word' id='word_1_134' title='bbox 497 2019 547 2071; x_wconf 87' lang='lat' dir='ltr'>aut</span> <span class='ocrx_word' id='word_1_135' title='bbox 560 2010 690 2072; x_wconf 86' lang='lat' dir='ltr'>scribam</span> <span class='ocrx_word' id='word_1_136' title='bbox 705 2010 742 2071; x_wconf 91' lang='lat' dir='ltr'>ad</span> <span class='ocrx_word' id='word_1_137' title='bbox 756 2017 785 2072; x_wconf 89' lang='lat' dir='ltr'>te</span> <span class='ocrx_word' id='word_1_138' title='bbox 800 2018 901 2089; x_wconf 85' lang='lat' dir='ltr'>postea</span> <span class='ocrx_word' id='word_1_139' title='bbox 920 2010 1055 2091; x_wconf 91' lang='lat' dir='ltr'>pluribus</span> <span class='ocrx_word' id='word_1_140' title='bbox 1071 2019 1130 2080; x_wconf 91' lang='lat' dir='ltr'>aut,</span> <span class='ocrx_word' id='word_1_141' title='bbox 1146 2030 1184 2073; x_wconf 89' lang='lat' dir='ltr'>ne</span> <span class='ocrx_word' id='word_1_142' title='bbox 1199 2013 1235 2072; x_wconf 89' lang='lat' dir='ltr'>ad</span> <span class='ocrx_word' id='word_1_143' title='bbox 1252 2032 1285 2074; x_wconf 93' lang='lat' dir='ltr'>ea</span> <span class='ocrx_word' id='word_1_144' title='bbox 1301 2033 1363 2076; x_wconf 92' lang='lat' dir='ltr'>me-</span> 
     </span>
     <span class='ocr_line' id='line_1_18' title="bbox 252 2095 1363 2175; baseline 0.003 -19"><span class='ocrx_word' id='word_1_145' title='bbox 252 2097 360 2166; x_wconf 90' lang='lat' dir='ltr'>ditere,</span> <span class='ocrx_word' id='word_1_146' title='bbox 379 2096 555 2174; x_wconf 87' lang='lat' dir='ltr'>imparatum</span> <span class='ocrx_word' id='word_1_147' title='bbox 577 2103 605 2156; x_wconf 86' lang='lat' dir='ltr'>te</span> <span class='ocrx_word' id='word_1_148' title='bbox 626 2095 773 2156; x_wconf 81' lang='lat' dir='ltr'>offendam</span> <span class='ocrx_word' id='word_1_149' title='bbox 797 2113 956 2175; x_wconf 88' lang='lat' dir='ltr'>coramque</span> <span class='ocrx_word' id='word_1_150' title='bbox 977 2104 1079 2157; x_wconf 89' lang='lat' dir='ltr'>contra</span> <span class='ocrx_word' id='word_1_151' title='bbox 1099 2096 1182 2158; x_wconf 89' lang='lat' dir='ltr'>istam</span> <span class='ocrx_word' id='word_1_152' title='bbox 1206 2099 1363 2170; x_wconf 86' lang='lat' dir='ltr'>rationem,</span> 
     </span>
     <span class='ocr_line' id='line_1_19' title="bbox 251 2179 1363 2251; baseline 0.001 -10"><span class='ocrx_word' id='word_1_153' title='bbox 251 2199 349 2241; x_wconf 90' lang='lat' dir='ltr'>meam</span> <span class='ocrx_word' id='word_1_154' title='bbox 364 2181 477 2248; x_wconf 92' lang='lat' dir='ltr'>dicam,</span> <span class='ocrx_word' id='word_1_155' title='bbox 497 2187 530 2240; x_wconf 88' lang='lat' dir='ltr'>ut</span> <span class='ocrx_word' id='word_1_156' title='bbox 548 2188 598 2240; x_wconf 91' lang='lat' dir='ltr'>aut</span> <span class='ocrx_word' id='word_1_157' title='bbox 616 2185 647 2240; x_wconf 88' lang='lat' dir='ltr'>te</span> <span class='ocrx_word' id='word_1_158' title='bbox 664 2180 817 2251; x_wconf 83' lang='lat' dir='ltr'>admeam</span> <span class='ocrx_word' id='word_1_159' title='bbox 837 2181 1012 2241; x_wconf 89' lang='lat' dir='ltr'>sententiam</span> <span class='ocrx_word' id='word_1_160' title='bbox 1038 2179 1183 2242; x_wconf 92' lang='lat' dir='ltr'>adducam</span> <span class='ocrx_word' id='word_1_161' title='bbox 1208 2189 1257 2241; x_wconf 93' lang='lat' dir='ltr'>aut</span> <span class='ocrx_word' id='word_1_162' title='bbox 1283 2191 1363 2244; x_wconf 88' lang='lat' dir='ltr'>certe</span> 
     </span>
    </p>

    <p class='ocr_par' dir='ltr' id='par_1_7' title="bbox 205 2263 1361 2344">
     <span class='ocr_line' id='line_1_20' title="bbox 205 2263 1361 2344; baseline 0.002 -20"><span class='ocrx_word' id='word_1_163' title='bbox 205 2320 210 2329; x_wconf 88' lang='grc'><em>,</em></span> <span class='ocrx_word' id='word_1_164' title='bbox 249 2271 388 2325; x_wconf 87' lang='lat' dir='ltr'>testatum</span> <span class='ocrx_word' id='word_1_165' title='bbox 414 2264 491 2343; x_wconf 92' lang='lat' dir='ltr'>apud</span> <span class='ocrx_word' id='word_1_166' title='bbox 517 2266 647 2326; x_wconf 91' lang='lat' dir='ltr'>animum</span> <span class='ocrx_word' id='word_1_167' title='bbox 671 2272 756 2327; x_wconf 91' lang='lat' dir='ltr'>tuum</span> <span class='ocrx_word' id='word_1_168' title='bbox 779 2264 959 2343; x_wconf 88' lang='lat' dir='ltr'>relinquam,</span> <span class='ocrx_word' id='word_1_169' title='bbox 988 2263 1060 2344; x_wconf 91' lang='lat' dir='ltr'>quid</span> <span class='ocrx_word' id='word_1_170' title='bbox 1079 2267 1238 2337; x_wconf 87' lang='lat' dir='ltr'>senserim,</span> <span class='ocrx_word' id='word_1_171' title='bbox 1263 2274 1308 2335; x_wconf 89' lang='lat' dir='ltr'>ut,</span> <span class='ocrx_word' id='word_1_172' title='bbox 1337 2268 1361 2326; x_wconf 88' lang='lat' dir='ltr'>si</span> 
     </span>
    </p>
   </div>
   <div class='ocr_carea' id='block_1_7' title="bbox 250 2348 1363 2513">
    <p class='ocr_par' dir='ltr' id='par_1_8' title="bbox 250 2348 1363 2513">
     <span class='ocr_line' id='line_1_21' title="bbox 251 2348 1360 2431; baseline -0.001 -22"><span class='ocrx_word' id='word_1_173' title='bbox 251 2349 369 2429; x_wconf 90' lang='lat' dir='ltr'>quando</span> <span class='ocrx_word' id='word_1_174' title='bbox 386 2380 430 2393; x_wconf 49' lang='lat' dir='ltr'><em>u</em></span> <span class='ocrx_word' id='word_1_175' title='bbox 444 2348 523 2427; x_wconf 92' lang='lat' dir='ltr'>quod</span> <span class='ocrx_word' id='word_1_176' title='bbox 540 2349 633 2411; x_wconf 93' lang='lat' dir='ltr'>nolim</span> <span class='ocrx_word' id='word_1_177' title='bbox 647 2384 690 2395; x_wconf 94' lang='lat'>—</span> <span class='ocrx_word' id='word_1_178' title='bbox 704 2349 862 2431; x_wconf 89' lang='lat' dir='ltr'>displicere</span> <span class='ocrx_word' id='word_1_179' title='bbox 881 2350 936 2410; x_wconf 92' lang='lat' dir='ltr'>tibi</span> <span class='ocrx_word' id='word_1_180' title='bbox 954 2357 1037 2410; x_wconf 87' lang='lat' dir='ltr'>tuum</span> <span class='ocrx_word' id='word_1_181' title='bbox 1054 2349 1209 2411; x_wconf 92' lang='lat' dir='ltr'>consilium</span> <span class='ocrx_word' id='word_1_182' title='bbox 1224 2350 1360 2430; x_wconf 86' lang='lat' dir='ltr'>coeperit,</span> 
     </span>
     <span class='ocr_line' id='line_1_22' title="bbox 250 2434 1363 2513; baseline 0.002 -18"><span class='ocrx_word' id='word_1_183' title='bbox 250 2436 346 2513; x_wconf 87' lang='lat' dir='ltr'>possis</span> <span class='ocrx_word' id='word_1_184' title='bbox 364 2452 464 2494; x_wconf 88' lang='lat' dir='ltr'>meum</span> <span class='ocrx_word' id='word_1_185' title='bbox 481 2435 643 2494; x_wconf 88' lang='lat' dir='ltr'>recordari.</span> <span class='ocrx_word' id='word_1_186' title='bbox 679 2434 768 2495; x_wconf 87' lang='lat' dir='ltr'>Brevi</span> <span class='ocrx_word' id='word_1_187' title='bbox 788 2444 887 2496; x_wconf 85' lang='lat' dir='ltr'>tamen</span> <span class='ocrx_word' id='word_1_188' title='bbox 907 2437 950 2495; x_wconf 92' lang='lat' dir='ltr'>sic</span> <span class='ocrx_word' id='word_1_189' title='bbox 970 2434 1094 2505; x_wconf 87' lang='lat' dir='ltr'>habeto,</span> <span class='ocrx_word' id='word_1_190' title='bbox 1115 2436 1146 2495; x_wconf 92' lang='lat' dir='ltr'>in</span> <span class='ocrx_word' id='word_1_191' title='bbox 1167 2454 1234 2495; x_wconf 90' lang='lat' dir='ltr'>eum</span> <span class='ocrx_word' id='word_1_192' title='bbox 1257 2442 1363 2498; x_wconf 86' lang='lat' dir='ltr'>statum</span> 
     </span>
    </p>
   </div>
   <div class='ocr_carea' id='block_1_8' title="bbox 247 2599 1365 4283">
    <p class='ocr_par' dir='ltr' id='par_1_9' title="bbox 247 2599 1365 4283">
     <span class='ocr_line' id='line_1_23' title="bbox 251 2599 1365 2667; baseline -0.001 -15"><span class='ocrx_word' id='word_1_193' title='bbox 251 2600 300 2652; x_wconf 86' lang='lat' dir='ltr'>Du</span> <span class='ocrx_word' id='word_1_194' title='bbox 312 2600 391 2652; x_wconf 77' lang='lat' dir='ltr'>nieht</span> <span class='ocrx_word' id='word_1_195' title='bbox 405 2601 442 2651; x_wconf 83' lang='lat' dir='ltr'>im</span> <span class='ocrx_word' id='word_1_196' title='bbox 459 2600 566 2650; x_wconf 85' lang='lat' dir='ltr'>Stonde</span> <span class='ocrx_word' id='word_1_197' title='bbox 581 2614 703 2664; x_wconf 74' lang='lat' dir='ltr'>pewesen</span> <span class='ocrx_word' id='word_1_198' title='bbox 720 2599 780 2649; x_wconf 82' lang='lat' dir='ltr'>acin</span> <span class='ocrx_word' id='word_1_199' title='bbox 867 2605 891 2653; x_wconf 92' lang='lat'>1.</span> <span class='ocrx_word' id='word_1_200' title='bbox 909 2617 966 2652; x_wconf 84' lang='lat' dir='ltr'>non</span> <span class='ocrx_word' id='word_1_201' title='bbox 979 2607 1050 2651; x_wconf 80' lang='lat' dir='ltr'>esset</span> <span class='ocrx_word' id='word_1_202' title='bbox 1065 2600 1222 2667; x_wconf 74' lang='lat' dir='ltr'>inteprum]</span> <span class='ocrx_word' id='word_1_203' title='bbox 1237 2602 1294 2653; x_wconf 82' lang='lat' dir='ltr'>Est</span> <span class='ocrx_word' id='word_1_204' title='bbox 1310 2599 1365 2654; x_wconf 89' lang='lat' dir='ltr'>tibi</span> 
     </span>
     <span class='ocr_line' id='line_1_24' title="bbox 251 2664 1365 2733; baseline 0.002 -15"><span class='ocrx_word' id='word_1_205' title='bbox 251 2668 380 2719; x_wconf 83' lang='lat' dir='ltr'>wcirdert.</span> <span class='ocrx_word' id='word_1_206' title='bbox 416 2665 606 2732; x_wconf 77' lang='lat' dir='ltr'>Unabbeingig</span> <span class='ocrx_word' id='word_1_207' title='bbox 627 2664 726 2717; x_wconf 79' lang='lat' dir='ltr'>wdrde</span> <span class='ocrx_word' id='word_1_208' title='bbox 750 2683 780 2717; x_wconf 88' lang='lat' dir='ltr'>es</span> <span class='ocrx_word' id='word_1_209' title='bbox 831 2668 974 2733; x_wconf 85' lang='lat' dir='ltr'>integrum</span> <span class='ocrx_word' id='word_1_210' title='bbox 1001 2668 1103 2719; x_wconf 85' lang='lat' dir='ltr'>heisst:</span> <span class='ocrx_word' id='word_1_211' title='bbox 1133 2668 1181 2719; x_wconf 89' lang='lat' dir='ltr'>die</span> <span class='ocrx_word' id='word_1_212' title='bbox 1205 2670 1296 2721; x_wconf 84' lang='lat' dir='ltr'>Sache</span> <span class='ocrx_word' id='word_1_213' title='bbox 1325 2669 1365 2720; x_wconf 83' lang='lat' dir='ltr'>ist</span> 
     </span>
     <span class='ocr_line' id='line_1_25' title="bbox 249 2732 1362 2801; baseline 0.002 -16"><span class='ocrx_word' id='word_1_214' title='bbox 249 2734 375 2785; x_wconf 87' lang='lat' dir='ltr'>heissen:</span> <span class='ocrx_word' id='word_1_215' title='bbox 388 2748 446 2782; x_wconf 80' lang='lat' dir='ltr'>non</span> <span class='ocrx_word' id='word_1_216' title='bbox 458 2732 584 2799; x_wconf 83' lang='lat' dir='ltr'>potuisti.</span> <span class='ocrx_word' id='word_1_217' title='bbox 832 2734 904 2784; x_wconf 88' lang='lat' dir='ltr'>noch</span> <span class='ocrx_word' id='word_1_218' title='bbox 922 2740 1135 2801; x_wconf 81' lang='lat' dir='ltr'>unangetastet,</span> <span class='ocrx_word' id='word_1_219' title='bbox 1150 2733 1194 2785; x_wconf 89' lang='lat' dir='ltr'>Du</span> <span class='ocrx_word' id='word_1_220' title='bbox 1208 2735 1272 2787; x_wconf 82' lang='lat' dir='ltr'>hest</span> <span class='ocrx_word' id='word_1_221' title='bbox 1288 2736 1362 2787; x_wconf 82' lang='lat' dir='ltr'>sreie</span> 
     </span>
     <span class='ocr_line' id='line_1_26' title="bbox 283 2797 1363 2865; baseline 0.004 -15"><span class='ocrx_word' id='word_1_222' title='bbox 283 2803 379 2851; x_wconf 74' lang='lat' dir='ltr'>Emer.</span> <span class='ocrx_word' id='word_1_223' title='bbox 391 2800 467 2850; x_wconf 87' lang='lat' dir='ltr'>XXI.</span> <span class='ocrx_word' id='word_1_224' title='bbox 480 2797 552 2865; x_wconf 81' lang='lat'><strong>(701.</strong></span> <span class='ocrx_word' id='word_1_225' title='bbox 563 2799 617 2864; x_wconf 84' lang='lat'><strong>53.)</strong></span> <span class='ocrx_word' id='word_1_226' title='bbox 636 2798 693 2852; x_wconf 74' lang='lat' dir='ltr'>lein</span> <span class='ocrx_word' id='word_1_227' title='bbox 703 2800 779 2852; x_wconf 86' lang='lat' dir='ltr'>Con·</span> <span class='ocrx_word' id='word_1_228' title='bbox 831 2800 917 2852; x_wconf 85' lang='lat' dir='ltr'>Hand</span> <span class='ocrx_word' id='word_1_229' title='bbox 934 2800 1017 2852; x_wconf 84' lang='lat' dir='ltr'>darin</span> <span class='ocrx_word' id='word_1_230' title='bbox 1036 2801 1094 2853; x_wconf 90' lang='lat' dir='ltr'>und</span> <span class='ocrx_word' id='word_1_231' title='bbox 1110 2801 1284 2853; x_wconf 81' lang='lat' dir='ltr'>kannstfrei</span> <span class='ocrx_word' id='word_1_232' title='bbox 1297 2802 1363 2854; x_wconf 89' lang='lat' dir='ltr'>dar-</span> 
     </span>
     <span class='ocr_line' id='line_1_27' title="bbox 251 2866 1364 2921; baseline 0.001 -1"><span class='ocrx_word' id='word_1_233' title='bbox 251 2866 504 2920; x_wconf 85' lang='lat' dir='ltr'>dolenzschreiben</span> <span class='ocrx_word' id='word_1_234' title='bbox 528 2868 599 2918; x_wconf 85' lang='lat' dir='ltr'>uach</span> <span class='ocrx_word' id='word_1_235' title='bbox 618 2868 679 2919; x_wconf 89' lang='lat' dir='ltr'>dem</span> <span class='ocrx_word' id='word_1_236' title='bbox 698 2868 779 2920; x_wconf 83' lang='lat' dir='ltr'>Tode</span> <span class='ocrx_word' id='word_1_237' title='bbox 831 2866 1087 2921; x_wconf 83' lang='lat' dir='ltr'>dberbestimmen.</span> <span class='ocrx_word' id='word_1_238' title='bbox 1108 2867 1210 2919; x_wconf 85' lang='lat' dir='ltr'>Cicero</span> <span class='ocrx_word' id='word_1_239' title='bbox 1221 2868 1364 2921; x_wconf 83' lang='lat' dir='ltr'>ldrehtete</span> 
     </span>
     <span class='ocr_line' id='line_1_28' title="bbox 250 2933 1363 3000; baseline 0 -13"><span class='ocrx_word' id='word_1_240' title='bbox 250 2933 706 3000; x_wconf 78' lang='lat' dir='ltr'>deeVatersdesjungenCurio.</span> <span class='ocrx_word' id='word_1_241' title='bbox 832 2934 877 2987; x_wconf 87' lang='lat' dir='ltr'>die</span> <span class='ocrx_word' id='word_1_242' title='bbox 902 2933 1058 2999; x_wconf 85' lang='lat' dir='ltr'>Schulden‚</span> <span class='ocrx_word' id='word_1_243' title='bbox 1088 2934 1134 2986; x_wconf 90' lang='lat' dir='ltr'>die</span> <span class='ocrx_word' id='word_1_244' title='bbox 1164 2934 1252 2985; x_wconf 86' lang='lat' dir='ltr'>Curio</span> <span class='ocrx_word' id='word_1_245' title='bbox 1278 2936 1363 2987; x_wconf 85' lang='lat' dir='ltr'>debei</span> 
     </span>
     <span class='ocr_line' id='line_1_29' title="bbox 282 2999 1360 3068; baseline 0 -16"><span class='ocrx_word' id='word_1_246' title='bbox 282 2999 366 3066; x_wconf 77' lang='lat' dir='ltr'>teste]</span> <span class='ocrx_word' id='word_1_247' title='bbox 380 2999 445 3051; x_wconf 84' lang='lat' dir='ltr'>weil</span> <span class='ocrx_word' id='word_1_248' title='bbox 458 2999 559 3051; x_wconf 83' lang='lat' dir='ltr'>Cicero</span> <span class='ocrx_word' id='word_1_249' title='bbox 572 3002 629 3052; x_wconf 92' lang='lat' dir='ltr'>den</span> <span class='ocrx_word' id='word_1_250' title='bbox 641 3002 717 3052; x_wconf 87' lang='lat' dir='ltr'>Sobn</span> <span class='ocrx_word' id='word_1_251' title='bbox 730 3002 782 3054; x_wconf 86' lang='lat' dir='ltr'>mit</span> <span class='ocrx_word' id='word_1_252' title='bbox 832 3002 946 3053; x_wconf 82' lang='lat' dir='ltr'>macheu</span> <span class='ocrx_word' id='word_1_253' title='bbox 957 3010 1071 3054; x_wconf 88' lang='lat' dir='ltr'>musste.</span> <span class='ocrx_word' id='word_1_254' title='bbox 1084 3028 1118 3037; x_wconf 95' lang='lat'><em>-</em></span> <span class='ocrx_word' id='word_1_255' title='bbox 1129 3018 1207 3051; x_wconf 84' lang='lat' dir='ltr'>ne-</span> <span class='ocrx_word' id='word_1_256' title='bbox 1217 3002 1360 3068; x_wconf 83' lang='lat' dir='ltr'>meditere]</span> 
     </span>
     <span class='ocr_line' id='line_1_30' title="bbox 249 3066 1363 3131; baseline 0.002 -12"><span class='ocrx_word' id='word_1_257' title='bbox 249 3068 312 3119; x_wconf 87' lang='lat' dir='ltr'>dem</span> <span class='ocrx_word' id='word_1_258' title='bbox 330 3066 481 3119; x_wconf 82' lang='lat' dir='ltr'>eradruten</span> <span class='ocrx_word' id='word_1_259' title='bbox 498 3066 587 3117; x_wconf 72' lang='lat' dir='ltr'>Vates·</span> <span class='ocrx_word' id='word_1_260' title='bbox 609 3068 781 3131; x_wconf 80' lang='lat' dir='ltr'>ausgeadbnt</span> <span class='ocrx_word' id='word_1_261' title='bbox 831 3069 890 3120; x_wconf 89' lang='lat' dir='ltr'>Der</span> <span class='ocrx_word' id='word_1_262' title='bbox 900 3068 971 3120; x_wconf 83' lang='lat' dir='ltr'>Sino</span> <span class='ocrx_word' id='word_1_263' title='bbox 984 3067 1036 3119; x_wconf 87' lang='lat' dir='ltr'>ist:</span> <span class='ocrx_word' id='word_1_264' title='bbox 1050 3066 1274 3119; x_wconf 82' lang='lat' dir='ltr'>DamitDuDicb</span> <span class='ocrx_word' id='word_1_265' title='bbox 1283 3067 1363 3121; x_wconf 87' lang='lat' dir='ltr'>nicht</span> 
     </span>
     <span class='ocr_line' id='line_1_31' title="bbox 248 3130 1362 3199; baseline 0.002 -15"><span class='ocrx_word' id='word_1_266' title='bbox 248 3134 376 3185; x_wconf 57' lang='lat' dir='ltr'>haecce·</span> <span class='ocrx_word' id='word_1_267' title='bbox 387 3130 779 3199; x_wconf 71' lang='lat' dir='ltr'>opero-epere]=ielrlroffe‚</span> <span class='ocrx_word' id='word_1_268' title='bbox 832 3136 883 3187; x_wconf 84' lang='lat' dir='ltr'>auf</span> <span class='ocrx_word' id='word_1_269' title='bbox 892 3133 1166 3199; x_wconf 84' lang='lat' dir='ltr'>eineWiderlegung</span> <span class='ocrx_word' id='word_1_270' title='bbox 1175 3132 1362 3186; x_wconf 87' lang='lat' dir='ltr'>meinerVor-</span> 
     </span>
     <span class='ocr_line' id='line_1_32' title="bbox 250 3199 1363 3267; baseline 0.002 -15"><span class='ocrx_word' id='word_1_271' title='bbox 250 3202 317 3252; x_wconf 81' lang='lat' dir='ltr'>dass</span> <span class='ocrx_word' id='word_1_272' title='bbox 334 3200 373 3251; x_wconf 85' lang='lat' dir='ltr'>eie</span> <span class='ocrx_word' id='word_1_273' title='bbox 391 3200 451 3250; x_wconf 84' lang='lat' dir='ltr'>eine</span> <span class='ocrx_word' id='word_1_274' title='bbox 468 3199 559 3251; x_wconf 81' lang='lat' dir='ltr'>eolclre</span> <span class='ocrx_word' id='word_1_275' title='bbox 579 3201 640 3266; x_wconf 79' lang='lat' dir='ltr'>iat,</span> <span class='ocrx_word' id='word_1_276' title='bbox 664 3200 710 3251; x_wconf 84' lang='lat' dir='ltr'>die</span> <span class='ocrx_word' id='word_1_277' title='bbox 731 3201 781 3252; x_wconf 86' lang='lat' dir='ltr'>der</span> <span class='ocrx_word' id='word_1_278' title='bbox 831 3201 993 3267; x_wconf 84' lang='lat' dir='ltr'>stellungen</span> <span class='ocrx_word' id='word_1_279' title='bbox 1005 3200 1189 3253; x_wconf 77' lang='lat' dir='ltr'>sorbereiten</span> <span class='ocrx_word' id='word_1_280' title='bbox 1200 3201 1315 3255; x_wconf 75' lang='lat' dir='ltr'>kannei.</span> <span class='ocrx_word' id='word_1_281' title='bbox 1327 3230 1363 3240; x_wconf 91' lang='lat'><em>-</em></span> 
     </span>
     <span class='ocr_line' id='line_1_33' title="bbox 248 3267 1362 3337; baseline 0.001 -17"><span class='ocrx_word' id='word_1_282' title='bbox 248 3267 363 3335; x_wconf 75' lang='lat' dir='ltr'>Zeupen</span> <span class='ocrx_word' id='word_1_283' title='bbox 374 3267 454 3319; x_wconf 78' lang='lat' dir='ltr'>nicht</span> <span class='ocrx_word' id='word_1_284' title='bbox 469 3268 577 3332; x_wconf 77' lang='lat' dir='ltr'>bedorf,</span> <span class='ocrx_word' id='word_1_285' title='bbox 593 3296 627 3305; x_wconf 89' lang='lat'><em>-</em></span> <span class='ocrx_word' id='word_1_286' title='bbox 646 3267 710 3319; x_wconf 80' lang='lat' dir='ltr'>Tibi</span> <span class='ocrx_word' id='word_1_287' title='bbox 725 3286 779 3336; x_wconf 84' lang='lat' dir='ltr'>pa·</span> <span class='ocrx_word' id='word_1_288' title='bbox 832 3270 910 3336; x_wconf 83' lang='lat' dir='ltr'>apud</span> <span class='ocrx_word' id='word_1_289' title='bbox 924 3269 1047 3321; x_wconf 81' lang='lat' dir='ltr'>animum</span> <span class='ocrx_word' id='word_1_290' title='bbox 1059 3267 1091 3335; x_wconf 83' lang='lat' dir='ltr'>t.]</span> <span class='ocrx_word' id='word_1_291' title='bbox 1105 3288 1141 3314; x_wconf 94' lang='lat'>=</span> <span class='ocrx_word' id='word_1_292' title='bbox 1152 3270 1230 3337; x_wconf 81' lang='lat' dir='ltr'>apud</span> <span class='ocrx_word' id='word_1_293' title='bbox 1243 3276 1278 3320; x_wconf 87' lang='lat' dir='ltr'>te.</span> <span class='ocrx_word' id='word_1_294' title='bbox 1291 3271 1362 3321; x_wconf 55' lang='lat' dir='ltr'>Aue«</span> 
     </span>
     <span class='ocr_line' id='line_1_34' title="bbox 248 3334 1362 3401; baseline -0.001 -13"><span class='ocrx_word' id='word_1_295' title='bbox 248 3337 323 3389; x_wconf 77' lang='lat' dir='ltr'>crim.</span> <span class='ocrx_word' id='word_1_296' title='bbox 340 3334 401 3401; x_wconf 76' lang='lat' dir='ltr'>eto]</span> <span class='ocrx_word' id='word_1_297' title='bbox 420 3335 474 3387; x_wconf 89' lang='lat' dir='ltr'>Die</span> <span class='ocrx_word' id='word_1_298' title='bbox 485 3334 588 3389; x_wconf 84' lang='lat' dir='ltr'>beiden</span> <span class='ocrx_word' id='word_1_299' title='bbox 602 3335 708 3389; x_wconf 78' lang='lat' dir='ltr'>letzten</span> <span class='ocrx_word' id='word_1_300' title='bbox 721 3338 780 3389; x_wconf 86' lang='lat' dir='ltr'>Ge·</span> <span class='ocrx_word' id='word_1_301' title='bbox 831 3353 878 3389; x_wconf 86' lang='lat' dir='ltr'>ser</span> <span class='ocrx_word' id='word_1_302' title='bbox 895 3337 1006 3389; x_wconf 79' lang='lat' dir='ltr'>unimus</span> <span class='ocrx_word' id='word_1_303' title='bbox 1022 3336 1119 3389; x_wconf 83' lang='lat' dir='ltr'>finden</span> <span class='ocrx_word' id='word_1_304' title='bbox 1136 3336 1196 3389; x_wconf 85' lang='lat' dir='ltr'>sich</span> <span class='ocrx_word' id='word_1_305' title='bbox 1219 3336 1290 3389; x_wconf 84' lang='lat' dir='ltr'>auch</span> <span class='ocrx_word' id='word_1_306' title='bbox 1311 3353 1362 3389; x_wconf 82' lang='lat' dir='ltr'>an-</span> 
     </span>
     <span class='ocr_line' id='line_1_35' title="bbox 250 3403 1361 3471; baseline -0.002 -14"><span class='ocrx_word' id='word_1_307' title='bbox 250 3405 362 3457; x_wconf 80' lang='lat' dir='ltr'>danken</span> <span class='ocrx_word' id='word_1_308' title='bbox 379 3403 490 3471; x_wconf 70' lang='lat' dir='ltr'>bingen</span> <span class='ocrx_word' id='word_1_309' title='bbox 507 3420 562 3471; x_wconf 84' lang='lat' dir='ltr'>eng</span> <span class='ocrx_word' id='word_1_310' title='bbox 574 3420 734 3457; x_wconf 83' lang='lat' dir='ltr'>zusammen</span> <span class='ocrx_word' id='word_1_311' title='bbox 744 3426 781 3451; x_wconf 88' lang='lat'>==</span> <span class='ocrx_word' id='word_1_312' title='bbox 832 3404 899 3457; x_wconf 88' lang='lat' dir='ltr'>dere</span> <span class='ocrx_word' id='word_1_313' title='bbox 911 3405 1009 3456; x_wconf 80' lang='lat' dir='ltr'>Sabat.</span> <span class='ocrx_word' id='word_1_314' title='bbox 1021 3404 1118 3471; x_wconf 84' lang='lat' dir='ltr'>hiiufig</span> <span class='ocrx_word' id='word_1_315' title='bbox 1134 3422 1185 3456; x_wconf 82' lang='lat' dir='ltr'>zur</span> <span class='ocrx_word' id='word_1_316' title='bbox 1197 3405 1361 3457; x_wconf 87' lang='lat' dir='ltr'>Umschrei-</span> 
     </span>
     <span class='ocr_line' id='line_1_36' title="bbox 248 3466 1360 3553; baseline -0.002 -28"><span class='ocrx_word' id='word_1_317' title='bbox 248 3472 323 3525; x_wconf 87' lang='lat' dir='ltr'>Dein</span> <span class='ocrx_word' id='word_1_318' title='bbox 334 3466 427 3524; x_wconf 68' lang='lat' dir='ltr'>Elbo</span> <span class='ocrx_word' id='word_1_319' title='bbox 441 3471 539 3539; x_wconf 76' lang='lat' dir='ltr'>migen</span> <span class='ocrx_word' id='word_1_320' title='bbox 551 3472 604 3524; x_wconf 88' lang='lat' dir='ltr'>Dir</span> <span class='ocrx_word' id='word_1_321' title='bbox 616 3472 780 3525; x_wconf 69' lang='lat' dir='ltr'>discutior</span> <span class='ocrx_word' id='word_1_322' title='bbox 829 3472 909 3553; x_wconf 72' lang='lat' dir='ltr'>bung</span> <span class='ocrx_word' id='word_1_323' title='bbox 921 3472 967 3524; x_wconf 87' lang='lat' dir='ltr'>liir</span> <span class='ocrx_word' id='word_1_324' title='bbox 980 3472 1026 3524; x_wconf 88' lang='lat' dir='ltr'>die</span> <span class='ocrx_word' id='word_1_325' title='bbox 1035 3472 1143 3525; x_wconf 85' lang='lat' dir='ltr'>Person</span> <span class='ocrx_word' id='word_1_326' title='bbox 1153 3472 1196 3524; x_wconf 81' lang='lat' dir='ltr'>als</span> <span class='ocrx_word' id='word_1_327' title='bbox 1206 3489 1360 3552; x_wconf 71' lang='lat' dir='ltr'>gensueres</span> 
     </span>
     <span class='ocr_line' id='line_1_37' title="bbox 249 3539 1360 3607; baseline -0.005 -13"><span class='ocrx_word' id='word_1_328' title='bbox 249 3556 365 3607; x_wconf 83' lang='lat' dir='ltr'>segnen,</span> <span class='ocrx_word' id='word_1_329' title='bbox 379 3539 425 3591; x_wconf 86' lang='lat' dir='ltr'>die</span> <span class='ocrx_word' id='word_1_330' title='bbox 437 3539 545 3591; x_wconf 88' lang='lat' dir='ltr'>Liebe</span> <span class='ocrx_word' id='word_1_331' title='bbox 557 3539 662 3593; x_wconf 83' lang='lat' dir='ltr'>Deinee</span> <span class='ocrx_word' id='word_1_332' title='bbox 674 3541 779 3593; x_wconf 78' lang='lat' dir='ltr'>Vetere</span> <span class='ocrx_word' id='word_1_333' title='bbox 832 3541 953 3607; x_wconf 82' lang='lat' dir='ltr'>SubJect</span> <span class='ocrx_word' id='word_1_334' title='bbox 971 3540 1038 3592; x_wconf 88' lang='lat' dir='ltr'>oder</span> <span class='ocrx_word' id='word_1_335' title='bbox 1057 3540 1162 3607; x_wconf 87' lang='lat' dir='ltr'>Object</span> <span class='ocrx_word' id='word_1_336' title='bbox 1178 3540 1225 3591; x_wconf 88' lang='lat' dir='ltr'>ber</span> <span class='ocrx_word' id='word_1_337' title='bbox 1236 3541 1360 3593; x_wconf 71' lang='lat' dir='ltr'>Verben·</span> 
     </span>
     <span class='ocr_line' id='line_1_38' title="bbox 249 3606 1360 3662; baseline -0.005 0"><span class='ocrx_word' id='word_1_338' title='bbox 249 3609 333 3662; x_wconf 82' lang='lat' dir='ltr'>wirst</span> <span class='ocrx_word' id='word_1_339' title='bbox 344 3608 390 3659; x_wconf 88' lang='lat' dir='ltr'>Du</span> <span class='ocrx_word' id='word_1_340' title='bbox 401 3607 432 3658; x_wconf 92' lang='lat' dir='ltr'>in</span> <span class='ocrx_word' id='word_1_341' title='bbox 445 3607 498 3659; x_wconf 85' lang='lat' dir='ltr'>mir</span> <span class='ocrx_word' id='word_1_342' title='bbox 510 3606 723 3661; x_wconf 86' lang='lat' dir='ltr'>wiederfinden.</span> <span class='ocrx_word' id='word_1_343' title='bbox 830 3608 910 3660; x_wconf 75' lang='lat' dir='ltr'>Fam,</span> <span class='ocrx_word' id='word_1_344' title='bbox 928 3607 963 3659; x_wconf 88' lang='lat' dir='ltr'>V.</span> <span class='ocrx_word' id='word_1_345' title='bbox 982 3612 1008 3660; x_wconf 79' lang='grc'>7.</span> <span class='ocrx_word' id='word_1_346' title='bbox 1025 3612 1050 3660; x_wconf 87' lang='grc'>3.</span> <span class='ocrx_word' id='word_1_347' title='bbox 1084 3625 1120 3659; x_wconf 82' lang='lat' dir='ltr'>ne</span> <span class='ocrx_word' id='word_1_348' title='bbox 1136 3608 1218 3659; x_wconf 84' lang='lat' dir='ltr'>cuiue</span> <span class='ocrx_word' id='word_1_349' title='bbox 1236 3609 1360 3661; x_wconf 78' lang='lat' dir='ltr'>animum</span> 
     </span>
     <span class='ocr_line' id='line_1_39' title="bbox 281 3674 1360 3744; baseline -0.002 -17"><span class='ocrx_word' id='word_1_350' title='bbox 281 3678 381 3727; x_wconf 76' lang='lat' dir='ltr'>Emer.</span> <span class='ocrx_word' id='word_1_351' title='bbox 397 3676 487 3727; x_wconf 89' lang='lat' dir='ltr'>XXII.</span> <span class='ocrx_word' id='word_1_352' title='bbox 511 3674 583 3740; x_wconf 79' lang='lat'><strong>(701.</strong></span> <span class='ocrx_word' id='word_1_353' title='bbox 602 3675 660 3739; x_wconf 78' lang='lat'><strong>53.)</strong></span> <span class='ocrx_word' id='word_1_354' title='bbox 684 3676 778 3744; x_wconf 79' lang='lat' dir='ltr'>Rupe,</span> <span class='ocrx_word' id='word_1_355' title='bbox 832 3677 994 3740; x_wconf 79' lang='lat' dir='ltr'>offenderes.</span> <span class='ocrx_word' id='word_1_356' title='bbox 1028 3676 1117 3728; x_wconf 87' lang='lat' dir='ltr'>lb.V.</span> <span class='ocrx_word' id='word_1_357' title='bbox 1130 3677 1154 3726; x_wconf 84' lang='lat'>5.</span> <span class='ocrx_word' id='word_1_358' title='bbox 1168 3678 1192 3725; x_wconf 78' lang='lat'>2,</span> <span class='ocrx_word' id='word_1_359' title='bbox 1229 3674 1313 3729; x_wconf 85' lang='lat' dir='ltr'>Meus</span> <span class='ocrx_word' id='word_1_360' title='bbox 1329 3675 1360 3726; x_wconf 85' lang='lat' dir='ltr'>in</span> 
     </span>
     <span class='ocr_line' id='line_1_40' title="bbox 250 3741 1360 3809; baseline -0.006 -11"><span class='ocrx_word' id='word_1_361' title='bbox 250 3744 301 3798; x_wconf 91' lang='lat' dir='ltr'>der</span> <span class='ocrx_word' id='word_1_362' title='bbox 323 3742 539 3809; x_wconf 78' lang='lat' dir='ltr'>Freigelassene</span> <span class='ocrx_word' id='word_1_363' title='bbox 563 3742 686 3807; x_wconf 83' lang='lat' dir='ltr'>Curios,</span> <span class='ocrx_word' id='word_1_364' title='bbox 718 3743 780 3795; x_wconf 82' lang='lat' dir='ltr'>lrab-</span> <span class='ocrx_word' id='word_1_365' title='bbox 830 3750 858 3795; x_wconf 82' lang='lat' dir='ltr'>te</span> <span class='ocrx_word' id='word_1_366' title='bbox 875 3744 986 3795; x_wconf 80' lang='lat' dir='ltr'>animus</span> <span class='ocrx_word' id='word_1_367' title='bbox 1003 3759 1085 3809; x_wconf 79' lang='lat' dir='ltr'>quant</span> <span class='ocrx_word' id='word_1_368' title='bbox 1106 3742 1248 3808; x_wconf 72' lang='lat' dir='ltr'>sinpulari</span> <span class='ocrx_word' id='word_1_369' title='bbox 1269 3741 1360 3809; x_wconf 81' lang='lat' dir='ltr'>officio</span> 
     </span>
     <span class='ocr_line' id='line_1_41' title="bbox 247 3808 1359 3877; baseline -0.004 -14"><span class='ocrx_word' id='word_1_370' title='bbox 247 3819 278 3863; x_wconf 82' lang='lat' dir='ltr'>‘ce</span> <span class='ocrx_word' id='word_1_371' title='bbox 291 3809 352 3862; x_wconf 89' lang='lat' dir='ltr'>sich</span> <span class='ocrx_word' id='word_1_372' title='bbox 363 3808 674 3863; x_wconf 83' lang='lat' dir='ltr'>dieUnzufriedenbeit</span> <span class='ocrx_word' id='word_1_373' title='bbox 684 3810 779 3863; x_wconf 81' lang='lat' dir='ltr'>seinos</span> <span class='ocrx_word' id='word_1_374' title='bbox 830 3811 931 3876; x_wconf 80' lang='lat' dir='ltr'>faerit,</span> <span class='ocrx_word' id='word_1_375' title='bbox 950 3816 977 3861; x_wconf 87' lang='lat' dir='ltr'>et</span> <span class='ocrx_word' id='word_1_376' title='bbox 993 3816 1108 3861; x_wconf 83' lang='lat' dir='ltr'>renatus</span> <span class='ocrx_word' id='word_1_377' title='bbox 1126 3816 1153 3861; x_wconf 83' lang='lat' dir='ltr'>et</span> <span class='ocrx_word' id='word_1_378' title='bbox 1168 3812 1291 3877; x_wconf 83' lang='lat' dir='ltr'>populus</span> <span class='ocrx_word' id='word_1_379' title='bbox 1302 3809 1359 3859; x_wconf 85' lang='lat' dir='ltr'>Ro-</span> 
     </span>
     <span class='ocr_line' id='line_1_42' title="bbox 248 3876 1359 3945; baseline -0.004 -16"><span class='ocrx_word' id='word_1_380' title='bbox 248 3877 346 3929; x_wconf 87' lang='lat' dir='ltr'>Herrn</span> <span class='ocrx_word' id='word_1_381' title='bbox 357 3893 528 3945; x_wconf 80' lang='lat' dir='ltr'>zugezogen,</span> <span class='ocrx_word' id='word_1_382' title='bbox 540 3876 606 3930; x_wconf 84' lang='lat' dir='ltr'>weil</span> <span class='ocrx_word' id='word_1_383' title='bbox 619 3876 707 3929; x_wconf 87' lang='lat' dir='ltr'>erbei</span> <span class='ocrx_word' id='word_1_384' title='bbox 716 3877 778 3931; x_wconf 87' lang='lat' dir='ltr'>dem</span> <span class='ocrx_word' id='word_1_385' title='bbox 829 3894 931 3930; x_wconf 82' lang='lat' dir='ltr'>manue</span> <span class='ocrx_word' id='word_1_386' title='bbox 955 3877 1033 3929; x_wconf 78' lang='lat' dir='ltr'>testie</span> <span class='ocrx_word' id='word_1_387' title='bbox 1056 3883 1105 3927; x_wconf 81' lang='lat' dir='ltr'>est.</span> <span class='ocrx_word' id='word_1_388' title='bbox 1142 3876 1206 3945; x_wconf 84' lang='lat' dir='ltr'>Vgl.</span> <span class='ocrx_word' id='word_1_389' title='bbox 1231 3878 1254 3927; x_wconf 91' lang='grc' dir='ltr'>Ι.</span> <span class='ocrx_word' id='word_1_390' title='bbox 1275 3878 1359 3926; x_wconf 83' lang='lat'><strong>18.·2.</strong></span> 
     </span>
     <span class='ocr_line' id='line_1_43' title="bbox 248 3942 1358 4012; baseline -0.005 -15"><span class='ocrx_word' id='word_1_391' title='bbox 248 3945 563 4012; x_wconf 76' lang='lat' dir='ltr'>Leicbenbegiugnisse</span> <span class='ocrx_word' id='word_1_392' title='bbox 595 3946 645 3998; x_wconf 88' lang='lat' dir='ltr'>des</span> <span class='ocrx_word' id='word_1_393' title='bbox 672 3947 778 3998; x_wconf 80' lang='lat' dir='ltr'>Vaters</span> <span class='ocrx_word' id='word_1_394' title='bbox 829 3944 1070 3996; x_wconf 82' lang='lat' dir='ltr'>nostrosanirnoe.</span> <span class='ocrx_word' id='word_1_395' title='bbox 1088 3972 1120 3983; x_wconf 88' lang='lat'>—-</span> <span class='ocrx_word' id='word_1_396' title='bbox 1135 3944 1239 3997; x_wconf 86' lang='lat' dir='ltr'>Breoi.</span> <span class='ocrx_word' id='word_1_397' title='bbox 1255 3942 1358 3993; x_wconf 78' lang='lat' dir='ltr'>‚lrabe-</span> 
     </span>
     <span class='ocr_line' id='line_1_44' title="bbox 249 4009 1359 4090; baseline -0.005 -26"><span class='ocrx_word' id='word_1_398' title='bbox 249 4012 312 4065; x_wconf 90' lang='lat' dir='ltr'>dem</span> <span class='ocrx_word' id='word_1_399' title='bbox 322 4011 414 4065; x_wconf 76' lang='lat' dir='ltr'>Vollre</span> <span class='ocrx_word' id='word_1_400' title='bbox 429 4012 550 4065; x_wconf 79' lang='lat' dir='ltr'>keineS</span> <span class='ocrx_word' id='word_1_401' title='bbox 571 4012 626 4065; x_wconf 89' lang='lat' dir='ltr'>iele</span> <span class='ocrx_word' id='word_1_402' title='bbox 642 4029 777 4082; x_wconf 83' lang='lat' dir='ltr'>verspro-</span> <span class='ocrx_word' id='word_1_403' title='bbox 829 4012 873 4090; x_wconf 83' lang='lat' dir='ltr'>to]</span> <span class='ocrx_word' id='word_1_404' title='bbox 898 4012 989 4064; x_wconf 84' lang='lat' dir='ltr'>Sooiel</span> <span class='ocrx_word' id='word_1_405' title='bbox 1011 4012 1091 4063; x_wconf 82' lang='lat' dir='ltr'>wisse</span> <span class='ocrx_word' id='word_1_406' title='bbox 1110 4012 1210 4077; x_wconf 79' lang='lat' dir='ltr'>jedocle</span> <span class='ocrx_word' id='word_1_407' title='bbox 1233 4010 1264 4061; x_wconf 83' lang='lat' dir='ltr'>in</span> <span class='ocrx_word' id='word_1_408' title='bbox 1288 4009 1359 4061; x_wconf 81' lang='lat' dir='ltr'>oller</span> 
     </span>
     <span class='ocr_line' id='line_1_45' title="bbox 251 4030 1358 4147; baseline -0.004 -16"><span class='ocrx_word' id='word_1_409' title='bbox 251 4079 331 4131; x_wconf 69' lang='lat' dir='ltr'>uren.</span> <span class='ocrx_word' id='word_1_410' title='bbox 366 4079 462 4131; x_wconf 89' lang='lat' dir='ltr'>Durcb</span> <span class='ocrx_word' id='word_1_411' title='bbox 481 4030 577 4147; x_wconf 82' lang='lat' dir='ltr'>Spiele</span> <span class='ocrx_word' id='word_1_412' title='bbox 592 4081 691 4133; x_wconf 82' lang='lat' dir='ltr'>suchte</span> <span class='ocrx_word' id='word_1_413' title='bbox 714 4097 778 4133; x_wconf 83' lang='lat' dir='ltr'>man</span> <span class='ocrx_word' id='word_1_414' title='bbox 828 4079 931 4131; x_wconf 74' lang='lat' dir='ltr'>Krirze.</span> <span class='ocrx_word' id='word_1_415' title='bbox 959 4079 1119 4133; x_wconf 83' lang='lat' dir='ltr'>Besonders</span> <span class='ocrx_word' id='word_1_416' title='bbox 1142 4080 1179 4133; x_wconf 88' lang='lat' dir='ltr'>im</span> <span class='ocrx_word' id='word_1_417' title='bbox 1202 4075 1358 4145; x_wconf 81' lang='lat' dir='ltr'>Imperctiv</span> 
     </span>
     <span class='ocr_line' id='line_1_46' title="bbox 250 4144 1360 4211; baseline -0.004 -12"><span class='ocrx_word' id='word_1_418' title='bbox 250 4146 297 4199; x_wconf 91' lang='lat' dir='ltr'>die</span> <span class='ocrx_word' id='word_1_419' title='bbox 306 4148 401 4197; x_wconf 77' lang='lat' dir='ltr'>Gunsi</span> <span class='ocrx_word' id='word_1_420' title='bbox 410 4147 460 4197; x_wconf 83' lang='lat' dir='ltr'>dee</span> <span class='ocrx_word' id='word_1_421' title='bbox 469 4147 574 4200; x_wconf 86' lang='lat' dir='ltr'>Volkes</span> <span class='ocrx_word' id='word_1_422' title='bbox 586 4149 643 4207; x_wconf 85' lang='lat' dir='ltr'>und</span> <span class='ocrx_word' id='word_1_423' title='bbox 651 4148 777 4202; x_wconf 82' lang='lat' dir='ltr'>dadurcb</span> <span class='ocrx_word' id='word_1_424' title='bbox 829 4146 919 4200; x_wconf 87' lang='lat' dir='ltr'>findet</span> <span class='ocrx_word' id='word_1_425' title='bbox 942 4146 1003 4199; x_wconf 86' lang='lat' dir='ltr'>sich</span> <span class='ocrx_word' id='word_1_426' title='bbox 1026 4148 1125 4199; x_wconf 79' lang='lat' dir='ltr'>babere</span> <span class='ocrx_word' id='word_1_427' title='bbox 1147 4145 1242 4211; x_wconf 74' lang='lat' dir='ltr'>hiufig</span> <span class='ocrx_word' id='word_1_428' title='bbox 1260 4144 1289 4195; x_wconf 88' lang='lat' dir='ltr'>in</span> <span class='ocrx_word' id='word_1_429' title='bbox 1309 4144 1360 4196; x_wconf 87' lang='lat' dir='ltr'>der</span> 
     </span>
     <span class='ocr_line' id='line_1_47' title="bbox 249 4212 1301 4283; baseline 0 -16"><span class='ocrx_word' id='word_1_430' title='bbox 249 4213 364 4267; x_wconf 83' lang='lat' dir='ltr'>Aemter</span> <span class='ocrx_word' id='word_1_431' title='bbox 376 4229 410 4265; x_wconf 87' lang='lat' dir='ltr'>au</span> <span class='ocrx_word' id='word_1_432' title='bbox 423 4213 580 4280; x_wconf 82' lang='lat' dir='ltr'>gewinnen.</span> <span class='ocrx_word' id='word_1_433' title='bbox 829 4215 998 4283; x_wconf 81' lang='lat' dir='ltr'>Bedeutung</span> <span class='ocrx_word' id='word_1_434' title='bbox 1014 4215 1120 4269; x_wconf 82' lang='lat' dir='ltr'>missen.</span> <span class='ocrx_word' id='word_1_435' title='bbox 1145 4213 1174 4265; x_wconf 84' lang='lat' dir='ltr'>S.</span> <span class='ocrx_word' id='word_1_436' title='bbox 1187 4212 1210 4265; x_wconf 94' lang='grc' dir='ltr'>Ι.</span> <span class='ocrx_word' id='word_1_437' title='bbox 1223 4215 1265 4265; x_wconf 78' lang='lat'>25.</span> <span class='ocrx_word' id='word_1_438' title='bbox 1277 4215 1301 4267; x_wconf 84' lang='lat'>4.</span> 
     </span>
    </p>
   </div>
   <div class='ocr_carea' id='block_1_9' title="bbox 0 0 1504 4650">
    <p class='ocr_par' dir='ltr' id='par_1_10' title="bbox 0 0 1504 4650">
     <span class='ocr_line' id='line_1_48' title="bbox 0 0 1504 4650; baseline 0 1"><span class='ocrx_word' id='word_1_439' title='bbox 0 0 1504 4650; x_wconf 95' lang='lat' dir='ltr'> </span> 
     </span>
    </p>
   </div>
  </div>
 </body>
</html>
