3000 4650
333 276 366 333 ll.
382 273 541 334 CLAUDIUS
555 283 758 350 mauruntus.
785 292 817 346 A.
832 291 971 351 LICINIUS
985 295 1133 356 CAECINA.
1225 294 1288 361 149

172 438 361 512 Marcellum,
377 437 520 517 collegam
535 445 685 510 nostrum,
700 417 895 519 posteo'enae
909 463 1027 532 comm„
1048 480 1063 522 ὃ
1079 462 1111 522 Ρ,
1129 464 1225 543 Magio
1239 467 1287 528 ffi,

174 525 258 595 lone,
274 523 417 586 familiare
431 525 510 594 eius,
527 525 657 603 pugione
671 541 844 604 percussum
862 543 927 587 esse
945 533 975 588 et
989 533 1049 588 duo
1060 546 1181 610 aarum
1201 567 1286 608 πω.

173 612 268 690 pisse,
284 626 378 671 unum
393 609 421 669 in
439 607 600 678 stomacho,
617 606 742 670 alterum
752 609 783 669 in
797 611 893 689 capito
907 611 1071 673 monadum
1084 615 1286 692 aurens-spa.

173 712 243 758 rare
256 701 356 756 manen
372 711 441 755 eum
451 694 548 754 vivere
560 709 662 771 possm
675 691 803 770 Magium
818 712 851 755 se
866 696 962 772 ipsum
973 694 1173 765 interieris&
1185 703 1288 776 postea

173 799 206 843 se
223 797 240 842 a
254 777 394 841 Marcello
408 777 446 839 ad
460 796 509 839 me
524 777 646 840 missum
662 793 741 846 esse,
771 777 824 856 qui
842 777 917 841 hace
938 781 1089 841 nuntiaret
1109 787 1140 842 ct
1157 788 1288 859 rogaret,

173 867 216 927 uti
230 865 371 926 medicos.
388 861 478 942 Coegi
493 869 523 924 et
538 862 689 942 evestigio
702 877 737 922 eo
752 879 820 926 sum
833 863 986 942 protectus
999 865 1094 942 prima
1108 862 1184 926 luce.
1215 865 1288 926 Cum

173 968 234 1012 non
251 949 338 1028 longe
354 967 369 1009 a
385 947 507 1010 Piraeeo
523 945 671 1017 abessem,
687 964 763 1026 puer
776 947 892 1008 Acidini
902 947 1018 1009 obviam
1035 949 1109 1010 mihi
1123 950 1203 1010 venit
1219 965 1287 1010 cum

174 1031 331 1102 codicillis,
355 1034 385 1093 in
404 1031 512 1112 quibus
528 1039 592 1093 erat
605 1032 763 1109 seriptum,
789 1030 893 1110 paullo.
909 1040 978 1093 ante
998 1031 1096 1094 lucem
1115 1030 1288 1094 Marcellum

174 1119 253 1181 diem
269 1135 355 1179 suum
371 1114 477 1176 obisse.
506 1115 548 1176 lta
562 1116 607 1176 vir
622 1114 805 1177 clarissimus
820 1115 857 1176 ab
879 1116 1000 1177 homine
1021 1117 1182 1179 deterrimo
1204 1134 1284 1178 acer-

173 1203 292 1266 bissima
309 1208 405 1262 morte
420 1207 466 1261 est
482 1200 618 1269 affectum
648 1207 677 1261 et
703 1201 751 1260 cui
778 1201 887 1262 inimici
912 1207 1036 1280 propter
1053 1200 1223 1278 dignitatem
1238 1218 1290 1279 pe·

172 1293 340 1366 percerant,
358 1287 494 1346 inventus
505 1292 548 1346 est
559 1285 680 1353 amicus,
697 1285 748 1362 qui
764 1285 792 1344 ei
809 1292 935 1346 mortem
949 1284 1079 1346 offerret.
1110 1284 1173 1362 ligo
1187 1291 1287 1346 tamen
1309 1292 1327 1354 3

173 1372 211 1433 ad
224 1367 449 1432 tabernaculum
466 1369 529 1430 eius
550 1368 678 1446 perrexi.
713 1368 814 1428 inveni
835 1366 909 1430 dnos
937 1368 1061 1430 libertos
1089 1377 1121 1430 et
1144 1367 1288 1445 pauculos

173 1471 291 1523 servos;
307 1451 439 1530 reliquos
452 1451 569 1513 aiebant
582 1452 750 1531 profugisse
767 1458 848 1513 metu
860 1453 1042 1530 perterritos,
1058 1451 1137 1531 quod
1152 1451 1290 1514 dominus

175 1556 279 1600 eorum
295 1544 361 1598 ante
376 1535 600 1598 tabernaculum
617 1535 792 1597 interiectus
803 1542 889 1596 esset.
921 1535 1045 1597 Coactus
1061 1537 1172 1596 eumin
1187 1537 1290 1596 eadem

174 1622 223 1684 iba
238 1622 357 1689 lectica,
388 1638 445 1700 qua
466 1621 530 1700 ipse
553 1617 668 1680 delatus
683 1635 780 1689 eram,
813 1620 946 1698 meisque
963 1618 1123 1681 lecticariis
1137 1622 1167 1679 in
1184 1619 1290 1680 urbem

174 1724 244 1768 enm
256 1705 387 1780 referre3
419 1704 521 1785 ibique
536 1722 592 1783 pro
608 1721 642 1765 ea
657 1705 757 1782 copia,
775 1721 850 1782 quae
864 1704 986 1764 Athenis
1002 1709 1081 1772 erat,
1097 1703 1186 1763 funus
1201 1704 1228 1762 ei
1243 1720 1290 1763 sa-

173 1791 212 1852 tis
226 1788 355 1869 amplum
371 1789 540 1850 iaciendum
555 1789 665 1849 curavi.
694 1787 738 1849 Ab
752 1786 991 1856 Atheniensibus,
1006 1785 1104 1848 locum
1119 1784 1290 1865 sepulturae

172 1876 249 1936 intra
265 1874 372 1936 urbem
388 1880 422 1934 ut
437 1873 555 1942 darent,
572 1873 733 1951 impetrare
746 1889 806 1932 non
822 1873 920 1951 potui,
937 1871 1015 1951 quod
1028 1869 1171 1948 religione
1188 1887 1221 1931 se
1235 1871 1290 1930 im·

172 1959 269 2038 pediri
283 1957 434 2026 dicereut;
451 1974 548 2035 neque
560 1964 658 2018 tamen
673 1956 704 2016 id
719 1963 805 2016 antea
816 1958 953 2035 cuiquam
966 1961 1182 2017 concesserant.
1205 1953 1292 2026 Quod

173 2044 344 2122 proximum
360 2041 439 2110 luit,
455 2041 499 2101 uti
512 2042 543 2100 in
558 2058 618 2120 qno
639 2039 782 2102 vellemus
807 2041 958 2119 gymnasio
988 2057 1056 2100 eum
1087 2037 1291 2118 sepeliremus,

173 2125 261 2188 nobis
285 2124 494 2204 permiserunt.
523 2124 585 2184 Nos
613 2125 643 2184 in
666 2122 847 2184 nobilissimo
868 2122 934 2184 orbi
963 2130 1111 2183 terrarum
1139 2122 1292 2202 gymnasio

175 2209 349 2289 Academiae
366 2207 464 2269 locum
479 2206 643 2284 delegimus
659 2206 761 2286 ibique
780 2225 848 2267 eum
874 2206 1101 2275 combussimus,
1130 2212 1292 2286 posteaque

176 2294 359 2363 curavimus,
390 2298 423 2352 ut
438 2290 533 2354 eidem
556 2291 750 2353 Athenienses
772 2293 802 2352 in
816 2292 918 2354 eodem
934 2290 1001 2353 loeo
1016 2296 1243 2352 monumentum
1264 2290 1292 2351 ei

175 2393 378 2437 marmoreum
394 2374 562 2437 faciendum
578 2374 720 2437 locarent.
749 2376 808 2445 lta,
832 2394 908 2454 quac
920 2383 1021 2437 nostra
1045 2376 1141 2436 officia
1161 2374 1291 2442 luerunt,

175 2477 231 2537 pro
248 2459 372 2537 collegio
388 2466 417 2521 et
431 2476 487 2537 pro
505 2460 723 2538 propinquitate
737 2468 766 2521 et
779 2462 844 2520 vivo
859 2468 889 2521 ct
903 2467 1021 2521 mortuo
1042 2460 1141 2521 omnia
1164 2460 1192 2519 ei
1205 2474 1292 2535 prae-

175 2544 311 2605 stitimus.
343 2539 422 2604 Vale.
456 2542 489 2604 ll.
505 2560 551 2621 pr.
568 2542 632 2606 llal.
646 2544 711 2604 lun.
727 2542 858 2605 Athenis.

478 2792 521 2855 A.
543 2791 745 2857 LICINIUS
769 2790 982 2857 CAECINA.

260 2896 372 2956 Caecina
378 2905 504 2956 stammte
511 2915 560 2955 aus
566 2898 725 2969 Volaterrae
738 2899 767 2955 in
780 2898 909 2955 Etrurien
923 2899 979 2956 und
993 2916 1053 2955 war
1064 2898 1105 2955 als
1119 2896 1252 2954 Etruslrer
1265 2898 1294 2952 in

174 2980 415 3039 dieGeheimnisse
438 2983 486 3039 der
500 2982 727 3057 Weissagehunst
755 2984 937 3055 eingeweiht‚
966 2983 1035 3039 uber
1063 2982 1106 3039 die
1126 2998 1157 3037 er
1171 2984 1215 3037 ein
1230 2980 1296 3037 sehr

174 3066 348 3139 geschatztes
362 3066 447 3123 Werlr
478 3062 526 3141 (de
541 3068 667 3123 Etrusco
681 3065 844 3139 disciplina)
874 3066 1060 3141 gesehn'eben,
1103 3064 1151 3121 Als
1180 3065 1295 3137 eilrigcr

174 3149 374 3225 Republieaner
387 3151 464 3208 hatte
479 3166 510 3207 er
524 3150 583 3207 sich
598 3152 675 3210 nicht
690 3152 773 3208 demit
787 3150 920 3223 begndgt,
935 3151 1033 3208 Cacsar
1054 3150 1105 3206 mit
1118 3150 1172 3205 den
1186 3148 1294 3205 Waticn

175 3291 710 3431 arctantesteretes.
760 3294 1293 3429 „tcettthatrsdttte

175 3440 265 3491 gerent
281 3426 327 3479 bei
348 3426 442 3495 effigi,
460 3444 520 3479 was
535 3428 566 3479 in
584 3428 639 3480 den
656 3429 707 3480 bc·
761 3429 831 3493 den,
850 3445 882 3481 so
894 3430 1010 3483 worden
1025 3428 1081 3481 alle
1093 3427 1229 3491 Solanon,
1247 3426 1295 3478 die

177 3498 240 3545 sten
258 3442 482 3547 HanCschriften
496 3494 569 3547 fehlt
585 3496 642 3546 und
656 3511 708 3547 aus
760 3512 812 3548 zur
822 3496 887 3548 Zeit
898 3496 951 3549 der
958 3495 1035 3549 Thac
1043 3496 1080 3547 im
1090 3495 1189 3547 Hense
1198 3510 1293 3560 gowe-

176 3559 238 3611 dem
248 3560 401 3627 folgenden
412 3562 487 3627 coegi
495 3560 583 3613 leicht
591 3562 710 3629 arginat
762 3578 826 3629 sen,
851 3564 987 3631 getddtet.
1000 3591 1034 3601 -
1046 3564 1113 3615 mmo
1128 3560 1292 3627 lecticariis]

176 3626 259 3678 wird.
274 3654 302 3665 -·
316 3628 402 3695 puer]
421 3647 457 3677 t:
472 3644 582 3680 servus.
602 3656 633 3670 —-
645 3630 710 3679 Aei—
761 3630 825 3681 Abl.
849 3630 948 3695 insta,
971 3630 1064 3682 indam
1082 3628 1129 3681 die
1146 3628 1293 3680 Personen

176 3693 256 3761 dini]
289 3695 348 3747 Act.
367 3694 431 3747 ΧΠ.
450 3698 522 3748 322
539 3695 612 3747 wird
629 3694 708 3747 einos
760 3696 870 3749 hiereis
878 3697 986 3750 Sachen
996 3695 1159 3749 batrachtet
1167 3695 1294 3748 werden.

176 3761 208 3813 0.
220 3760 346 3814 Manlius
359 3763 499 3816 Acidinus
508 3761 644 3830 gedaoht,
655 3762 706 3815 der
762 3792 789 3801 -
798 3763 892 3832 copia]
903 3765 1007 3817 Mittel.
1021 3764 1057 3814 So
1067 3770 1119 3830 qut
1128 3780 1156 3815 ee
1166 3763 1294 3815 inAtlten

175 3828 237 3881 sich
250 3828 357 3881 darnole
369 3829 398 3882 in
411 3830 503 3883 Athen
516 3831 571 3882 den
585 3829 707 3882 Studien
758 3832 834 3897 pina.
858 3831 890 3883 S.
906 3832 1022 3883 z.I.12.
1041 3835 1065 3891 1,
1080 3858 1112 3867 -
1130 3832 1203 3897 quod
1221 3830 1294 3882 dice-

174 3895 320 3948 widmete.
352 3923 385 3933 -
416 3904 483 3949 atate
522 3896 625 4016 locem}
658 3913 709 3948 vor
760 3897 840 3965 rent]
865 3898 894 3949 S.
912 3914 936 3950 a.
954 3899 992 3950 Il.
1006 3901 1047 3949 12.
1060 3901 1085 3949 6.
1102 3904 1294 3962 negarent.-

177 3962 220 4014 Τα
240 3980 264 4015 e.
287 3964 328 4015 Im
345 3964 456 4018 Latein.
474 3964 550 4017 steht
560 3964 589 4015 in
626 3963 706 4017 iesen
761 3964 901 4031 orditer]
916 3964 1140 4017 EinLooativns
1154 3964 1284 4017 wicrttre‘

175 3980 239 4084 ung
251 4030 400 4083 dhuliohen
418 4032 641 4099 Verbindnngen
659 4030 707 4083 fair
759 4032 843 4084 domi.
865 4057 900 4072 -
923 4040 957 4085 tet
983 4032 1076 4084 Athen
1094 4071 1125 4086 ..
1149 4031 1274 4083 locarent

177 4096 253 4163 Tap,
284 4097 504 4165 Taqeoanhruch
541 4099 619 4151 nicht
647 4099 707 4152 dics
759 4098 843 4151 dabir
855 4099 991 4166 gehdrten
1005 4098 1046 4153 sie
1056 4098 1294 4152 zudemischen

175 4165 706 4234 sondernlux5alsoprt'maluec3lucet,
757 4165 874 4219 Reiche.

176 4247 205 4282 es
215 4232 253 4283 ist
265 4232 336 4300 Tay,
349 4251 378 4287 ιι.
391 4235 418 4287 ti.

954 4288 1097 4297 —--
