3000 4650
239 212 281 278 28
636 218 696 275 Lm.
712 219 730 274 1.
747 217 849 276 misr.
865 221 907 274 12.
925 219 966 274 ra.

241 384 381 462 primario
401 384 557 444 coniuncta
573 387 698 444 aetatem
717 384 853 462 gereret?
880 383 1004 444 Licitum
1019 390 1063 444 eat
1083 381 1149 452 tibi,
1170 381 1274 451 credo,
1297 398 1358 461 pro

241 477 289 529 tua
305 469 445 548 dignitate
464 488 499 528 ex
516 467 570 528 hac
587 471 736 530 iuventute
750 484 893 545 generum
910 467 1049 544 deligere,
1064 468 1147 528 cuins
1162 466 1230 528 fidei
1243 464 1358 528 liberos

240 561 305 614 tuos
320 561 350 613 te
363 561 426 612 tuto
441 553 625 614 committere
645 555 779 631 putares!
813 555 857 614 An
872 559 905 613 ut
921 571 955 614 ea
968 551 1078 613 liheros
1096 570 1131 612 er
1147 568 1212 612 sese
1226 559 1357 630 pareret,

241 656 314 717 qnos
330 656 396 698 cum
412 636 552 699 florentes
568 636 693 708 rideret,
710 635 887 698 laetaretur?
905 639 1035 714 quirem
1050 655 1066 697 a
1081 642 1204 715 parente
1218 635 1358 695 traditam

241 742 295 801 per
313 740 346 783 se
360 729 462 782 tenere
479 728 608 798 possent,
629 721 757 781 honores
773 723 929 783 ordinatim
944 722 1064 799 petituri
1078 729 1185 787 essent,
1205 721 1283 779 inre
1299 737 1357 798 pu-

240 805 330 875 hlica,
357 808 386 866 in
407 802 569 866 amicornm
592 807 717 884 negotiis
731 805 866 867 libertate
887 824 940 866 sua
960 807 1022 865 uti?
1065 805 1141 876 Quid
1163 804 1269 865 horum
1290 804 1355 872 luit,

240 891 319 970 quod
342 907 402 950 nun
417 890 500 968 prius
526 907 614 968 quam
634 889 733 950 datum
756 898 801 951 est
821 891 991 968 ademptum
1012 891 1067 949 siti
1096 890 1139 948 At
1157 906 1227 948 vero
1245 887 1357 948 malum

241 982 284 1036 est
304 974 413 1035 liberos
433 975 577 1034 amittere.
608 973 734 1035 Malum:
762 975 817 1034 nisi
833 974 890 1034 hoc
907 975 992 1051 peius
1015 975 1067 1044 sit,
1092 972 1167 1034 haec
1187 973 1312 1033 suiierre
1326 981 1358 1032 et

202 1076 221 1134 4
244 1058 367 1137 perpeti.
400 1057 481 1131 Quae
496 1076 544 1119 res
558 1057 630 1118 mihi
645 1076 704 1118 non
719 1058 898 1118 mediocrem
914 1057 1143 1118 consolationem
1161 1056 1272 1126 attulit,
1288 1054 1357 1118 volo

244 1142 296 1202 tihi
314 1159 555 1212 commemorare,
571 1144 596 1202 si
611 1143 688 1202 forte
703 1142 807 1202 eadem
823 1161 872 1203 res
887 1140 940 1203 tihi
956 1142 1089 1204 dolorem
1104 1144 1239 1203 minuere
1253 1143 1355 1220 possit.

241 1227 283 1286 Ex
298 1227 365 1287 Asia
381 1225 498 1286 rediens
512 1244 580 1286 cum
595 1225 631 1286 ah
647 1227 756 1304 Aegina
772 1227 921 1302 Megaram
943 1245 1044 1287 versus
1063 1228 1246 1304 navigarem,
1270 1225 1357 1303 coepi

240 1311 376 1389 regiones
400 1310 594 1371 circumcirca
612 1313 794 1390 prospicere.
835 1310 905 1372 Post
923 1328 971 1372 me
992 1318 1056 1371 erat
1076 1311 1202 1390 Aegina,
1224 1317 1292 1371 ante
1306 1328 1357 1370 me

240 1395 369 1472 Megara,
392 1394 495 1455 dextra
510 1394 665 1465 Piraeeus,
682 1396 800 1456 sinistra
816 1394 989 1457 Corinthus:
1008 1413 1084 1474 quae
1104 1395 1211 1474 oppida
1226 1394 1355 1472 quodam

240 1488 374 1556 tempore
389 1479 595 1540 florentissima
610 1480 739 1550 luerunt,
755 1497 835 1540 nunc
848 1487 995 1558 prostrata
1012 1490 1041 1540 et
1055 1480 1151 1540 diruta
1169 1487 1237 1540 ante
1253 1477 1356 1539 oculos

149 1602 152 1609 -
239 1565 345 1626 iacent.
377 1562 466 1642 Coepi
491 1571 608 1642 egomet
626 1583 744 1624 mecum
765 1565 808 1624 sic
831 1565 977 1642 cogitare:
997 1564 1085 1625 ilem!
1106 1581 1162 1625 nos
1182 1561 1355 1624 homunculi

239 1649 442 1725 indignamur,
467 1650 492 1707 si
513 1649 578 1728 quis
594 1656 731 1709 nostrum
750 1649 863 1708 interiit
876 1655 927 1709 aut
940 1651 1055 1710 occisus
1072 1655 1132 1717 est,
1149 1666 1276 1727 quorum
1297 1648 1354 1708 vita

239 1732 357 1793 brevior
375 1750 439 1792 esse
452 1731 554 1800 dehet,
577 1751 645 1793 cum
666 1749 725 1792 uno
746 1733 812 1792 loco
833 1738 878 1791 tot
898 1733 1039 1811 oppiduim
1060 1732 1200 1794 cadavera
1223 1732 1355 1810 proiecta

240 1817 353 1876 iacent?
386 1816 474 1876 Visne
488 1822 520 1874 tu
533 1823 573 1883 te,
587 1817 678 1885 Serri,
697 1816 835 1878 cohihere
851 1823 881 1877 et
893 1818 1061 1878 meminisse
1078 1817 1228 1878 hominem
1245 1825 1274 1877 te
1289 1833 1355 1877 esse

240 1901 358 1960 natum?
397 1899 492 1960 Crede
512 1899 599 1970 mihi,
614 1901 791 1977 cogitatione
814 1918 848 1961 ea
870 1919 929 1961 non
950 1902 1139 1962 mediocriter
1159 1919 1224 1962 sum
1247 1901 1354 1961 contir-

240 1991 344 2044 matus.
371 1983 437 2044 lloc
450 1983 544 2052 idem,
567 1985 592 2044 si
614 1983 668 2045 tihi
687 1985 818 2055 videtur,
845 1987 891 2046 iac
912 1993 978 2046 aute
1000 1984 1102 2047 oculos
1122 1985 1174 2046 tihi
1194 2002 1354 2064 proponas.

239 2067 326 2128 Modo
342 2085 402 2128 uno
424 2073 559 2145 tempore
576 2074 619 2128 tot
638 2070 693 2129 viri
707 2069 862 2131 clarissimi
881 2071 1072 2139 interierunt;
1097 2069 1135 2131 de
1156 2071 1281 2149 imperio
1300 2087 1354 2148 po·

239 2151 432 2230 pulillomani
448 2157 527 2212 tanta
539 2153 698 2214 deminutio
713 2154 787 2214 iacta
803 2161 862 2222 est;
878 2172 981 2215 omnes
994 2155 1163 2234 provinciae
1177 2171 1354 2232 conquassa-

240 2244 286 2296 tae
298 2241 380 2296 sunt:
392 2237 517 2297 inanius
529 2235 718 2299 mulierculae
730 2237 857 2299 animula
868 2240 892 2300 si
904 2240 1017 2300 iactura
1028 2238 1103 2300 iacta
1113 2245 1254 2308 est,tanto
1264 2255 1355 2316 opere

241 2321 454 2383 commoreris?
484 2339 559 2401 quae
578 2325 603 2382 si
623 2321 680 2384 hoc
698 2330 832 2401 tempore
847 2340 907 2384 non
924 2325 1002 2386 diem
1017 2342 1103 2385 sunm
1119 2324 1236 2395 obisset,
1253 2325 1355 2402 paucis

242 2411 308 2482 post
328 2405 413 2464 annis
437 2412 535 2467 tamen
559 2407 585 2467 ei
601 2408 787 2468 moriendum
806 2408 874 2477 luit,
897 2411 1036 2488 qnoniam
1056 2408 1146 2470 homo
1164 2416 1230 2469 nata
1247 2411 1353 2469 fuerat.

201 2489 219 2545 5
242 2489 336 2549 Etiam
350 2494 382 2550 tu
397 2488 434 2549 ah
450 2490 531 2551 hisce
546 2489 637 2551 rehus
654 2492 783 2551 animum
798 2511 832 2553 ac
850 2494 1056 2571 cogitationem
1071 2500 1152 2554 tuam
1167 2511 1255 2553 avoca
1267 2497 1354 2571 atque

241 2591 274 2633 ea
290 2574 388 2651 potius
404 2575 612 2645 reminiscere,
635 2593 710 2653 quae
729 2576 816 2653 digna
832 2584 881 2637 tua
900 2585 1124 2656 personarunt:
1141 2576 1235 2646 illam,
1252 2594 1353 2655 quam·

241 2657 289 2717 diu
307 2659 334 2717 ei
349 2674 424 2736 opus
445 2658 548 2727 tuerit,
569 2660 688 2729 vixisse,
710 2675 769 2721 una
786 2678 854 2721 cum
871 2660 1036 2741 republica
1053 2662 1157 2730 luisse;
1173 2667 1217 2729 te,
1238 2667 1353 2739 patrem

240 2839 332 2892 lichen
344 2839 448 2893 Todes.
461 2868 493 2879 -
505 2858 538 2893 ex
550 2841 602 2893 loco
613 2842 771 2910 iuventute]
823 2843 872 2912 ne]
888 2842 987 2895 Willst
997 2844 1043 2895 Du
1055 2841 1154 2895 nicht?
1172 2840 1263 2893 wohei
1276 2858 1311 2892 ne
1323 2840 1352 2893 in

241 2925 294 2960 ona
307 2908 627 2975 derlacutipendupend,
641 2910 687 2963 die
700 2912 771 2963 eben
823 2911 869 2963 die
886 2911 1054 2976 Bedeutung
1074 2926 1128 2962 von
1153 2926 1246 2961 nonne
1269 2908 1353 2961 riber-

242 2974 319 3027 nicht
328 2976 392 3027 sehr
405 2992 439 3027 zu
452 2975 567 3029 rrihmen
581 2994 650 3030 war.
668 2978 772 3031 Uebri-
822 2978 897 3045 geht.
917 2977 1002 3031 Catil.
1019 2978 1041 3030 Ι,
1054 2976 1081 3029 3.
1093 2982 1117 3030 7.
1144 2976 1353 3046 meministine?

240 3058 308 3109 gens
319 3042 641 3097 stehtdasAbatractum
652 3045 694 3098 als
705 3045 771 3097 Col·
821 3047 908 3098 Tuae.
925 3046 963 3097 Il.
980 3048 1023 3097 26.
1040 3048 1082 3098 62.
1111 3044 1303 3097 videmusne?
1320 3073 1351 3081 -

239 3109 374 3162 lectirum
391 3110 438 3163 idr
455 3111 505 3163 das
523 3111 703 3165 Concretnm.
728 3113 770 3165 Zu
821 3112 925 3179 Modo]
940 3112 1018 3165 Neela
1040 3128 1090 3163 vor
1110 3113 1244 3177 Knrzem,
1269 3112 1352 3164 nimi.

239 3178 292 3229 hac
316 3194 334 3229 r
354 3176 372 3231 l.
389 3194 415 3229 z.
432 3178 454 3229 l·
468 3180 507 3229 18.
522 3182 563 3231 11.
577 3208 610 3218 -
622 3180 722 3231 liberos
735 3180 767 3247 t]
821 3179 868 3232 bei
880 3178 1032 3232 Pharsalus
1052 3179 1110 3231 und
1126 3178 1156 3230 in
1174 3179 1227 3231 den
1241 3180 1351 3247 folgen-

240 3245 304 3296 dein
342 3244 562 3314 ond-perec]
578 3248 639 3301 d.i.
658 3264 710 3300 aua
726 3246 770 3298 in·
822 3247 876 3299 den
894 3246 1044 3316 Kimpien.
1060 3274 1094 3284 -
1115 3246 1245 3314 imperio]
1266 3247 1353 3300 Nicht

240 3311 365 3379 dustria,
383 3312 420 3365 im
438 3314 615 3381 Gegensetze
632 3332 666 3366 zu
685 3332 702 3367 c
718 3331 768 3381 po·
821 3314 872 3367 der
883 3314 1008 3382 Umfang
1018 3315 1087 3368 aber
1100 3314 1149 3367 das
1162 3315 1292 3366 Ansehen
1304 3314 1352 3366 dea

240 3386 317 3431 rente
333 3380 476 3433 traditam.
499 3409 530 3419 -
558 3382 685 3434 libertate
708 3380 768 3449 nti]
820 3381 941 3435 Reiches
953 3399 1014 3434 war
1026 3381 1222 3449 geschmdlert.
1234 3398 1351 3448 -proo

239 3447 770 3571 tttitt?‘adtttiztttltfll‘
821 3446 1351 3570 tttttl‘ltt‘linmittit

239 3580 321 3701 hacc}
341 3582 386 3635 die
405 3584 476 3635 eben
493 3584 697 3651 angedeuteten
712 3558 769 3637 Cu·
822 3586 870 3638 des
884 3534 1044 3654 Pompejls.
1056 3613 1087 3623 —
1100 3584 1279 3636 mulierculae
1291 3582 1351 3634 eni-

239 3650 301 3701 stdn
323 3667 347 3701 e.
821 3652 914 3718 mulo]
928 3654 966 3704 So
979 3652 1101 3720 pessend
1114 3652 1160 3703 die
1172 3648 1351 3703 Deminutiva

271 3720 297 3766 4.
329 3717 453 3781 regiones
474 3718 665 3783 circumcirca]
712 3721 770 3772 Das
821 3720 881 3773 hier
898 3720 977 3785 sind,
1001 3737 1045 3772 um
1067 3720 1121 3771 den
1138 3718 1257 3771 Verlust
1275 3715 1350 3769 hlein

241 3782 349 3849 Adject.
370 3785 422 3836 aui
440 3784 545 3851 griech.
564 3784 660 3838 Weise
682 3787 770 3838 durch
821 3786 986 3840 erocheinen
999 3804 1033 3839 zu
1045 3786 1153 3851 lescen,
1170 3785 1281 3837 hrinuen
1298 3783 1350 3835 wir

240 3852 290 3901 das
312 3849 437 3904 Adverb.
457 3856 570 3904 ersetzt.
594 3880 628 3889 —
650 3854 770 3919 Megara
819 3852 1350 3920 siedochnichtwiedergeben.Ueber-

240 3934 299 3968 war
326 3917 363 3968 im
392 3918 639 4033 ffitlridfflwhffn
663 3922 770 4002 Kriege
820 3930 910 4015 setzfi:
928 3920 1105 3986 „rcltwaclaea
1120 3921 1270 3972 weibliches
1292 3920 1349 3971 We-

239 3988 771 4131 ἷῗιῖιπὸοοτέιὶίιιίξὲῗιιιαοὶἶιιὲοεάιῖοιὶῖξξῖιΞιξίῒ
819 4006 879 4108 ΜΞ..
907 4062 958 4106 tua
977 4052 1114 4122 perrona]
1137 4053 1267 4118 „Deiner
1289 4070 1350 4121 per-

239 4118 302 4183 den,
317 4118 369 4170 deu
382 4118 516 4171 Piraeeus
528 4122 604 4175 hatte
618 4123 706 4190 Sulla,
720 4126 771 4176 Co-
820 4123 960 4175 adnliclren
982 4122 1114 4174 Wiirde.“
1131 4150 1163 4159 —
1186 4138 1245 4173 nne
1263 4121 1350 4185 ..fu-

240 4184 695 4244 rinthnrMummiuazerstiirt.-
712 4192 771 4245 Wa—
820 4188 891 4258 irae]
909 4190 1044 4257 fuisse:
1060 4188 1173 4241 vixisse.
1211 4187 1259 4242 ste
1276 4187 1349 4240 lehte
