3000 4650
231 234 273 299 90
606 241 665 297 nn
681 241 712 298 n.
728 240 831 297 nersr.
847 210 994 297 17-1e.'

172 409 173 416 ’
230 426 310 466 rnen
340 425 370 474 o.
400 425 561 467 connnmo
591 425 784 469 vinnonnnn.
835 404 869 464 ln
900 405 1082 466 Britanniam
1105 415 1142 467 ‘te
1176 407 1344 485 proiectum

229 508 290 549 non
307 506 372 551 esse
389 490 511 566 gaudeo,
530 490 608 568 quod
630 497 658 549 et
673 489 775 551 labore
792 491 913 551 caruisti
933 497 962 550 et
984 508 1039 568 ego
1062 498 1091 551 tc
1112 490 1149 551 de
1170 490 1262 553 rebus
1286 492 1344 555 illis

229 592 289 633 uon
305 574 429 635 audiam.
464 573 520 636 Ubi
537 576 576 635 sis
591 573 802 635 hibernaturus
817 583 846 635 et
864 593 921 653 qua
935 593 988 653 spe
1002 584 1052 635 aut
1069 576 1257 647 condicione,
1274 595 1343 655 per-

229 658 343 720 scribas
359 659 395 719 ad
411 677 459 719 me
474 656 570 719 velim.
1116 685 1117 688 ¹

335 901 339 908 ,
376 855 388 920 ³,
406 835 446 910 ’ῃ
631 823 811 889 Enrsnonn
825 803 939 887 XVII.

442 941 446 966 '¹
567 948 602 1004 M.
619 946 733 1004 CICERO
745 948 772 1003 S.
786 948 815 1003 o.
833 946 1003 1003 TREBATIO.

190 1085 207 1146 1
316 1079 387 1157 Legi
400 1088 465 1140 tuas
481 1078 606 1150 litteras,
629 1078 790 1155 exquibus
807 1077 938 1139 intellexi
953 1086 983 1139 te
999 1078 1115 1139 Caesari
1135 1087 1237 1141 nostro
1257 1080 1341 1142 valde

228 1165 294 1224 iure
316 1162 482 1224 consultum
503 1164 604 1224 videri.
643 1164 794 1241 Estquod
817 1163 944 1240 gaudeas
958 1170 988 1223 te
1006 1166 1037 1223 in
1056 1165 1111 1224 ista
1132 1163 1197 1224 loca
1217 1168 1340 1237 venisse,

228 1247 281 1308 ubi
299 1247 408 1327 aliquid
424 1248 689 1325 sapere‘viderere.
722 1246 833 1317 Quodsi
854 1249 884 1307 in
898 1247 1081 1308 Britanniam
1103 1265 1220 1326 quoque
1241 1250 1312 1326 prol
1329 1284 1341 1297 ·

229 1338 294 1392 ctus
310 1350 399 1401 esses,
416 1333 551 1410 prolecto
566 1350 654 1394 nemo
673 1334 703 1393 in
717 1331 767 1392 illa
780 1338 861 1392 tanta
876 1330 971 1391 insula
984 1331 1108 1410 peritior
1117 1339 1147 1392 te
1156 1333 1268 1395 luisset.
1284 1334 1340 1394 Ve-

227 1423 394 1476 rumtamen
417 1416 622 1478 -rideamus
643 1415 727 1485 licet,
752 1434 818 1476 sum
839 1418 916 1476 enim
939 1434 955 1475 a
978 1423 1007 1476 te
1032 1418 1170 1479 invitatus
1187 1452 1223 1462 -
1239 1417 1340 1479 subin·

227 1500 311 1560 video
324 1500 379 1562 tibi
392 1500 471 1562 ultro
486 1509 513 1562 te
537 1504 624 1561 etiam
645 1502 817 1561 arcessitum
841 1500 878 1560 ab
900 1518 951 1570 eo,
975 1500 1123 1580 adquam
1148 1503 1253 1571 ceteri,
1279 1520 1348 1562 non*

226 1591 349 1663 propter
364 1585 533 1662 snperbiam
546 1588 624 1655 elus,
640 1585 692 1646 sed
711 1590 833 1662 propter
847 1586 1086 1661 occupationem,
1109 1586 1261 1665 adspirare
1280 1605 1340 1646 non

186 1673 206 1733 2
229 1677 361 1746 possunt.
407 1670 465 1731 Sed
479 1676 511 1753 tn
525 1670 556 1729 in
570 1671 624 1730 ista
641 1668 762 1749 epistola
781 1668 854 1728 nihil
870 1668 943 1728 mihi
958 1671 1103 1746 scripsisti
1118 1670 1155 1732 de
1168 1672 1226 1731 tuis
1239 1670 1339 1740 rebus,

124 1757 127 1770 '
221 1771 304 1831 quae
324 1753 495 1815 mehercule
514 1754 587 1813 mihi
606 1772 666 1813 non
686 1754 797 1813 minori
817 1770 907 1815 curae
920 1760 997 1813 suut
1019 1772 1106 1832 quam
1131 1772 1225 1815 meae.
1250 1753 1339 1815 Valde

226 1847 334 1909 metuo,
350 1856 388 1899 ne
402 1839 511 1917 frigeas
525 1841 557 1898 in
575 1838 720 1907 hibernis;
739 1836 933 1917 quamobrem
949 1839 1062 1898 camino
1077 1838 1232 1909 ,luculento
1253 1845 1338 1899 uten-

227 1921 298 1982 dum
326 1941 491 1984 censeo-
515 1944 595 1984 mnu
625 1942 722 1985 numo
754 1942 795 1983 nr
824 1941 958 1984 uanmro
991 1942 1156 1984 enecuere
1178 1956 1230 1994 -,
1252 1940 1338 2000 prae·

227 2008 330 2067 sertim
344 2009 395 2085 qui
412 2009 490 2085 segis
504 2025 565 2067 non
584 2007 759 2069 abundares.
776 2025 781 2032 ·
796 2006 981 2085 Quamquam
1002 2025 1055 2068 vos
1075 2024 1156 2067 nnnc
1179 2008 1244 2068 istic
1269 2009 1339 2068 satis

227 2090 324 2151 calere
338 2092 439 2161 audio;
453 2110 513 2170 quo
533 2092 651 2170 quidem
665 2093 769 2152 nuntio
783 2090 867 2152 valde
884 2091 1056 2152 mehercule
1074 2092 1110 2151 de
1127 2099 1157 2152 te
1172 2093 1337 2153 timueram.
1427 2108 1432 2118 ·

226 2175 285 2235 Sed
298 2183 331 2237 tu
345 2178 375 2237 io
390 2195 423 2236 re
438 2176 557 2237 militari
572 2174 664 2237 multo
680 2194 713 2237 es
729 2178 842 2236 cautior
861 2194 951 2256 quam
970 2177 1001 2235 in
1020 2176 1274 2256 advocationibus!
1288 2177 1339 2255 qui

179 2316 183 2326 ,
225 2275 322 2337 neque
336 2262 367 2319 in
382 2260 500 2323 Oceano
515 2268 618 2324 natare
632 2260 769 2331 volueris,
791 2260 1022 2321 studiosissimus
1038 2260 1128 2321 homo
1142 2259 1270 2328 natandi,
1287 2278 1337 2320 ne·

226 2361 284 2420 que
298 2353 433 2423 spectare
448 2347 621 2415 essedarios,
633 2365 720 2425 quem
736 2354 823 2407 antea
837 2363 875 2407 ne
896 2345 1071 2407 andabatam
1086 2346 1204 2423 quidem
1221 2346 1337 2406 delrau·

185 2432 205 2494 3
228 2428 298 2489 dare
315 2436 494 2507 poteramus,
525 2431 583 2492 Sed
599 2432 657 2491 iam
671 2431 741 2491 satis
755 2431 842 2492 iocati
858 2448 967 2492 sumus.
1010 2430 1072 2508 Ego
1088 2431 1125 2492 de
1138 2437 1168 2491 te
1182 2430 1219 2490 ad
1234 2430 1338 2491 Caesa-

224 2531 290 2573 rem
305 2532 393 2593 quam
409 2513 564 2590 diligenter
578 2516 763 2593 scripserim,
778 2522 841 2575 tute
856 2517 922 2584 scis,
937 2533 1026 2593 quam
1047 2533 1151 2593 saepe,
1176 2532 1240 2593 ego.
1279 2514 1338 2574 Sed

224 2596 394 2659 mehercule
408 2600 467 2658 iam
482 2601 714 2668 intermiseram,
730 2617 768 2660 ne
785 2598 901 2659 viderer
914 2597 1110 2660 liberalissimi
1124 2598 1251 2659 hominis
1265 2600 1337 2658 mei-

225 2699 283 2759 que
298 2683 489 2743 amantissimi
502 2682 642 2743 voluntati
657 2701 726 2762 erga
742 2702 789 2744 me
804 2683 946 2745 diffidere.
980 2683 1038 2744 Sed
1057 2690 1155 2744 tamen
1170 2685 1206 2742 iis
1221 2682 1336 2750 litteris,

225 2863 382 2917 wribnliche
395 2866 522 2931 Formel,
541 2866 576 2919 da
589 2866 630 2919 sie
649 2865 708 2919 sich
724 2866 755 2918 in
806 2872 854 2919 ten
864 2868 894 2921 P.
903 2866 1017 2920 Mucius
1028 2866 1166 2919 Scaevola
1175 2864 1252 2931 (Cos.
1263 2865 1335 2927 133.)
1431 2862 1435 2868 ’

214 2930 306 2984 'ihren
329 2933 580 3000 Eutscheidungen
608 2951 676 3001 geru
706 2935 758 2986 anf
806 2935 864 2986 und
880 2934 928 2989 Μ’.
941 2934 1078 2987 Manilius
1097 2933 1178 3000 (Cos.
1189 2931 1261 2997 149.)
1274 2932 1337 2984 ein-

225 2999 271 3052 die
290 3000 436 3053 Antoritiit
458 3001 619 3053 beriihmter
636 3001 756 3055 Rechts·
806 3001 929 3068 geffihrt.
954 3030 987 3040 -
1016 3020 1066 3053 ooo
1089 3001 1160 3053 eatis
1183 2998 1286 3065 calere]
1301 3019 1336 3044 =

225 3065 371 3133 gelehrten
384 3068 523 3120 berielen.
672 3078 677 3087 ”
806 3070 872 3120 daos
889 3087 917 3121 ce
933 3070 1007 3121 heisa
1022 3086 1114 3135 penny
1129 3069 1171 3119 bei
1186 3067 1266 3119 Erech
1284 3084 1337 3118 zu·

804 3137 881 3201 pelte.
904 3137 1007 3189 Cicero
1020 3136 1108 3188 meina
1120 3135 1166 3188 die
1179 3133 1335 3202 gallisehen

258 3202 356 3253 Errsn.
365 3202 451 3252 XVII.
462 3203 534 3268 (700.
544 3203 597 3267 54.)
607 3203 757 3256 Derllrief
805 3204 942 3257 Unrnhen
954 3211 1039 3257 uhter
1051 3202 1196 3255 Ambiorix
1205 3202 1244 3254 im
1254 3201 1337 3253 Win-

224 3267 264 3320 ist
280 3285 316 3320 zu
328 3266 409 3321 Ende
426 3269 475 3320 des
492 3269 593 3322 Jahres
612 3270 754 3337 gescbrie-
804 3277 850 3323 ter
862 3276 903 3325 54.
928 3272 1011 3325 Caes.
1023 3271 1055 3326 Β,
1069 3272 1104 3323 G.
1118 3271 1153 3323 V.
1165 3273 1199 3322 26
1210 3269 1242 3323 ff.
1259 3297 1294 3306 —
1305 3270 1336 3321 ire

223 3336 293 3401 ben,
312 3336 353 3388 als
367 3336 474 3388 Caesar
491 3337 599 3391 bereits
612 3338 659 3391 die
671 3339 754 3390 Win-
806 3339 914 3391 Oceano
925 3338 1043 3406 natare]
1059 3338 1086 3390 d.
1099 3339 1124 3390 h.
1139 3337 1210 3391 nach
1219 3337 1336 3389 Britan-

224 3404 418 3471 terqnertiere
430 3405 554 3472 beregen
566 3404 657 3459 hatte.
804 3406 871 3458 nien
887 3406 1066 3459 ribersetzen.
1088 3435 1120 3445 -
1143 3404 1332 3472 andabatam]

258 3474 283 3523 1.
305 3471 368 3523 iure
385 3470 558 3541 consultum]
577 3473 631 3525 Die
648 3472 753 3526 beiden
791 3470 850 3525 ‘die
868 3474 1029 3526 audubatne
1045 3491 1144 3526 waren
1156 3473 1220 3525 eine
1231 3473 1335 3524 beson-

223 3540 324 3591 Worte
343 3538 441 3591 bilden
464 3539 525 3592 hier
548 3541 626 3593 nicht
650 3540 752 3593 einen
804 3541 869 3592 ders
881 3541 943 3593 dem
953 3540 1334 3594 Geschmackdesniederen

177 3646 184 3651 -
222 3605 342 3673 Begriff,
360 3606 427 3658 weil
439 3614 520 3659 const
531 3608 609 3659 nicht
619 3608 669 3661 das
680 3607 752 3660 adv.
803 3607 908 3661 Vollres
922 3608 1146 3676 entsprechende
1158 3607 1261 3660 Klasse
1278 3623 1334 3658 von

223 3675 306 3725 valde
318 3673 416 3726 stehen
429 3674 542 3726 konnte.
556 3703 589 3712 -
605 3676 640 3726 ab
653 3675 699 3742 eo]
712 3693 750 3727 sc.
803 3674 1005 3743 Gladiatoren‚
1024 3676 1069 3728 die
1086 3674 1184 3726 Stirne
1202 3675 1260 3726 und
1276 3673 1334 3724 An·

224 3741 386 3806 accesere,
400 3741 464 3806 der,
478 3742 548 3794 ohne
560 3742 626 3794 dass
638 3743 750 3796 Trebaz
804 3759 858 3807 gen
876 3744 927 3795 mit
945 3744 1006 3796 dem
1029 3742 1128 3794 Helmc
1150 3742 1273 3794 bedeckt
1298 3755 1334 3789 zu

224 3812 312 3860 etwas
326 3808 396 3861 dnzn
407 3809 510 3876 gethan
527 3810 641 3875 (ultro),
655 3809 702 3861 ibn
716 3827 751 3861 en
804 3811 908 3864 Pferde
921 3810 1075 3876 kimpfteu.
1092 3835 1126 3848 ·-
1143 3804 1331 3876 defraudare]

223 3874 285 3927 sich
296 3874 519 3943 gezogenhatte.
803 3878 864 3931 hier
888 3878 940 3930 mit
963 3877 1025 3929 dem
1055 3877 1110 3945 dop
1133 3877 1208 3929 elten
1232 3876 1333 3927 Aecus.

256 3946 281 3997 2.
303 3942 556 4010 idem-placebat]
572 3943 637 4010 Vgl.
651 3944 677 3998 d.
690 3962 752 3997 vor.
804 3945 861 3997 Der
874 3946 945 3998 Sino
964 3944 1016 3996 ist:
1036 3945 1099 3996 wir
1112 3895 1243 3996 bonnten
1260 3939 1333 3993 Dich

222 4010 338 4073 Br.§3.
356 4010 681 4077 -qni—abuodaree]
694 4012 752 4064 Der
805 4012 882 4064 nicht
905 4011 1007 4064 einmal
1033 4012 1084 4065 mit
1107 4013 1171 4064 List
1193 4027 1249 4061 von
1270 4008 1334 4061 dem
1358 4043 1365 4071 ,

223 4077 291 4128 Satz
316 4076 388 4128 wird
410 4078 497 4129 durch
522 4079 572 4130 das
592 4078 676 4146 Impf.
701 4080 752 4132 des
804 4078 989 4148 Schauspiele
1012 4079 1064 4134 der
1088 4079 1254 4131 Andabatae
1283 4093 1335 4128 zu-

225 4144 315 4223 Conj„
329 4143 471 4225 abhdngig
482 4162 538 4196 von
549 4146 676 4211 placebat
688 4185 695 4211 ‚
709 4146 751 4200 als
804 4147 978 4204 rriclrhalten.

222 4211 342 4263 Ans1cht
358 4211 409 4262 der
420 4211 524 4265 beiden
535 4212 753 4281 Rechtsgelehr-
837 4220 862 4269 3.
881 4215 953 4283 Epo]
974 4217 1003 4268 S.
1017 4233 1044 4268 z.
1055 4215 1079 4266 I.
1092 4216 1116 4265 1.
1131 4218 1153 4263 1.
1168 4239 1200 4248 -
1211 4212 1330 4280 meique]
