3000 4650
251 257 314 322 142
573 287 577 291 ·
654 264 715 321 crs.
730 264 773 321 III.
789 263 894 322 EPISl't
908 249 948 318 19¹.

249 431 431 495 llcrrschers,
447 434 484 488 im
497 431 522 487 l.
537 434 572 488 46
585 439 657 488 elwa
672 433 710 488 im
724 433 834 505 August
854 430 898 487 die
912 429 998 488 Sache
1012 431 1048 486 im
1064 428 1163 486 Senute
1181 445 1231 485 zur
1245 428 1366 503 Sprnche

152 586 155 591 ἱ
247 515 370 574 brachte.
414 516 513 573 Caesar
533 517 624 589 zeigte
637 518 698 572 elne
711 516 762 574 der
777 513 987 587 Bewundernng
1006 513 1134 586 wurdige
1148 511 1365 586 Selbstverltng·

247 615 332 673 nung,
344 600 401 656 und
415 600 475 656 dem
484 599 656 657 Verbannten
671 600 750 656 stand
766 599 815 656 der
829 599 899 672 Weg
913 599 983 656 naolr
997 598 1065 654 lion
1081 596 1161 654 ollen.
1183 596 1273 654 Allein
1288 597 1365 654 seine

247 685 361 757 eigenen
376 683 474 740 Worte
489 682 548 758 (le,
563 683 618 755 22.)
634 686 729 757 zeigen
744 701 812 745 uns,
827 682 890 740 dass
905 681 952 738 ilrn
964 682 1026 746 ..die
1035 681 1258 756 angedrungene
1267 679 1365 738 Wolrl·

211 814 215 822 .
246 768 326 824 that“
339 765 398 823 kalt
412 766 486 824 liess.
515 768 584 824 Auis
597 767 673 825 Neue
685 775 793 824 musste
807 767 902 826 Cicero
915 765 969 822 den
984 764 1141 838 degerndeu
1157 783 1207 822 zur
1220 763 1365 822 Bcschleu·

166 869 173 881 ‘
208 874 213 885 .
245 851 333 926 nigun
368 849 459 908 seiner
472 849 617 908 ltalclrl‘rehr
630 852 786 908 ermahnen.
830 847 929 907 Er'sah
944 850 1037 908 ltullen
1052 849 1129 907 nicht
1148 847 1225 906 mehr
1240 849 1363 912 vwieder;

208 949 214 973 ,-
246 934 315 992 chen
329 951 367 991 rm
380 935 498 1008 lleffciffe
513 951 563 992 aus
578 935 639 991 dem
652 934 766 991 Pirdeus
781 933 947 992 abzuiahren
966 933 1064 992 wurde
1079 949 1115 990 er
1123 949 1177 990 von
1197 933 1298 990 seinenr
1314 933 1364 988 lle-

204 1018 210 1097 J
246 1018 345 1093 gleiter
357 1018 388 1074 l).
403 1019 508 1092 llegius
523 1017 582 1075 Gllo
596 1035 646 1074 aus
659 1019 833 1075 Privatrache
848 1019 994 1076 ermendet.
1027 1017 1094 1074 Ilass
1108 1015 1206 1074 Caesar
1220 1017 1272 1074 den
1286 1015 1363 1073 llord

201 1104 209 1145 ἕ
245 1103 423 1176 angestiltet,
438 1103 535 1159 wurde
549 1102 636 1160 selbst
649 1119 703 1159 von
718 1105 813 1160 seinen
826 1102 945 1160 deinden
959 1103 1035 1160 nicht
1050 1101 1189 1176 geglaubt.
1341 1107 1345 1114 “

727 1231 880 1244 m

629 1346 810 1413 Esraronn
828 1341 976 1412 XVIIII.

554 1471 588 1527 ll.
605 1469 721 1529 CICERO
735 1471 762 1528 S.
777 1469 807 1528 ll.
823 1471 857 1528 tl.
872 1469 1056 1530 MARCELLO.

199 1606 219 1667 1
326 1601 389 1662 Etsi
404 1618 441 1662 eo
455 1611 485 1663 te
503 1602 601 1664 adhuc
625 1601 845 1664 consiliousnm
866 1600 1011 1680 intelligo,
1033 1611 1067 1664 ut
1087 1604 1116 1664 id
1136 1603 1360 1684 reprehendere

242 1701 304 1746 non
319 1685 459 1757 audeam,
489 1703 551 1746 non
566 1687 636 1765 quin
651 1685 688 1746 ab
706 1705 741 1747 eo
756 1687 820 1764 ipse
835 1685 1019 1758 dissentiam,
1048 1688 1101 1750 sed
1116 1687 1196 1766 quod
1218 1705 1253 1748 ea
1268 1694 1297 1749 te
1314 1707 1360 1750 sa·

242 1771 354 1849 pientia
371 1787 438 1831 esse
452 1771 594 1840 iudicem,
617 1776 650 1830 ut
663 1787 762 1832 meum
779 1769 934 1832 consilinm
949 1788 1009 1831 non
1030 1779 1209 1851 anteponam
1229 1778 1296 1832 tuo:
1314 1779 1360 1832 ta·

242 1869 314 1914 men
332 1859 361 1914 et
376 1855 522 1915 amicitiae
540 1860 661 1915 nostrae
679 1861 810 1916 vetustas
825 1860 854 1916 et
875 1861 927 1914 tue
947 1871 1062 1917 summe
1080 1873 1149 1934 erge
1169 1873 1217 1916 me
1231 1854 1358 1918 benevo-

244 1937 350 2006 lentia,
382 1954 458 2015 quae
483 1938 556 1998 milri
581 1939 639 1999 iam
671 1957 687 1999 a
715 1939 842 2018 pueritia
869 1943 920 1998 tua
946 1942 1063 2018 cognite
1088 1949 1146 2009 est,
1172 1957 1221 2000 me
1242 1939 1357 2000 hortata

190 2073 195 2083 .
243 2030 302 2092 est,
316 2027 350 2082 ut
361 2039 394 2082 en
410 2020 574 2083 scriberem
589 2023 626 2084 ad
642 2031 679 2093 te,
695 2041 772 2102 quae
787 2029 817 2082 et
834 2022 920 2084 saluti
937 2029 1006 2084 tuae
1013 2024 1185 2085 conducere
1196 2023 1358 2084 arbitrarer

107 2178 112 2193 .
197 2106 218 2168 2
243 2113 272 2167 et
284 2123 345 2166 non
360 2103 455 2166 aliena
470 2123 535 2167 esse
550 2106 723 2171 ducerema
739 2107 889 2186 dignitate.
934 2107 1080 2186 ligneum
1097 2114 1126 2169 te
1144 2125 1225 2177 esse,
1243 2109 1293 2186 qui
1303 2107 1357 2168 ho-

200 2240 204 2246 ,
242 2206 311 2250 rum
321 2188 864 2261 maloruminiliamultoantevideris
877 2191 1062 2254 consulatum
1070 2193 1357 2269 magnificentissime

242 2280 330 2353 etque
341 2273 452 2352 optime
469 2276 611 2352 gesseris,
626 2274 781 2354 praeclare
796 2277 933 2345 memini;
956 2275 1007 2337 sed
1025 2276 1104 2337 idem
1119 2277 1206 2338 etiarn
1220 2274 1268 2337 illa
1289 2276 1356 2342 vidi,

156 2382 162 2385 ·
206 2385 209 2389 ·
242 2375 340 2436 neque
355 2364 385 2419 te
402 2356 556 2420 consilium
572 2358 663 2420 civilis
676 2358 748 2435 belli
760 2363 801 2421 ita
819 2360 943 2437 gerendi
960 2376 1017 2421 nec
1040 2362 1139 2438 copies
1156 2361 1208 2422 Cn.
1225 2361 1357 2439 Pompeii

241 2460 298 2504 nec
314 2458 410 2519 genus
423 2444 569 2503 exercItus
582 2441 712 2521 probare
725 2462 904 2523 semperque
919 2462 1033 2506 summe
1063 2444 1211 2509 diffidere:
1240 2463 1298 2524 qua
1325 2446 1356 2503 in

240 2526 384 2587 sententia
395 2544 444 2613 me
455 2542 574 2605 quoque
584 2526 675 2588 fulsse
685 2529 828 2589 memoria
840 2534 944 2589 tenere
953 2535 983 2590 te
994 2527 1132 2589 arbitror.
1152 2528 1357 2608 Itaqueneque

240 2616 273 2671 tn
288 2609 413 2672 multum
424 2610 582 2671 interfuisti
597 2609 689 2671 rebus
703 2612 841 2689 gerendis
855 2619 884 2671 et
899 2630 955 2689 ego
966 2612 996 2673 id
1008 2628 1126 2690 semper
1141 2614 1196 2691 egi,
1212 2630 1251 2673 ne
1265 2614 1357 2673 inter·

241 2712 346 2755 essem.
377 2693 443 2766 Non
458 2694 535 2753 enim
547 2695 583 2753 iis
596 2693 688 2755 rebus
697 2695 918 2773 pugnabam,
939 2696 1047 2774 quibus
1061 2695 1161 2758 valere
1176 2703 1355 2774 peteremus,

242 2776 380 2846 consilio,
399 2778 582 2847 auctoritate,
599 2795 698 2849 causa,
717 2796 795 2856 quac
810 2787 895 2841 erent
913 2782 945 2840 in
960 2780 1047 2841 nobis
1060 2783 1225 2857 superiora,
1246 2780 1298 2843 sed
1313 2778 1355 2839 la·

241 2863 330 2922 certis
346 2866 375 2921 et
392 2860 514 2931 viribus,
532 2861 641 2938 quihus
656 2879 745 2939 pares
760 2880 820 2923 non
836 2882 963 2925 eremus.
986 2864 1169 2926 Victisumus
1181 2862 1279 2943 igitur,
1296 2870 1354 2931 aut,

242 2946 266 3005 si
282 2946 360 3006 vinci
375 2945 502 3022 dignitas
515 2962 576 3006 non
590 2952 703 3025 potest,
724 2946 811 3008 fracti
832 2955 913 3009 certe
936 2954 965 3009 et
988 2948 1103 3009 abiecti.
1132 2948 1166 3009 ln
1193 2965 1252 3026 quc
1270 2956 1354 3008 tuum

241 3030 491 3091 consiliumnemc
498 3031 799 3108 potestnonmaxime
807 3030 937 3101 laudere,
950 3032 1029 3110 quod
1037 3050 1104 3093 cum
1113 3048 1165 3110 spe
1173 3031 1309 3093 vincendi
1315 3032 1354 3091 si·

240 3112 302 3173 mul
321 3112 453 3173 ablecisti
468 3113 601 3174 certandi
616 3115 704 3174 etiem
719 3116 908 3194 cupiditatem
928 3116 1138 3195 ostendistique
1151 3117 1315 3193 sapientem
1327 3120 1356 3175 et

238 3196 351 3258 bonum
367 3198 460 3257 civem
474 3198 557 3257 initia
573 3196 645 3259 belli
658 3198 750 3259 civilis
761 3201 883 3261 invitum
896 3200 1062 3279 suscipere,
1082 3206 1214 3260 extreme
1226 3197 1355 3260 libenter

272 3415 372 3467 Emer.
382 3415 502 3467 XVIIII.
516 3416 589 3480 (708.
602 3415 660 3482 46.)
819 3432 844 3468 z«
857 3416 882 3469 J.
896 3420 939 3469 51.
951 3444 985 3454 -
996 3414 1086 3484 idem]
1100 3417 1130 3468 8.
1144 3434 1168 3468 z.
1181 3416 1203 3469 1.
1217 3418 1259 3469 18.
1272 3419 1353 3467 30.—

273 3486 297 3535 1.
326 3499 357 3534 eo
380 3484 497 3536 concilio
519 3483 620 3553 mum]
650 3483 767 3537 coneilio
819 3482 1003 3551 itaperendi]
1019 3483 1139 3537 nimiiclu
1153 3484 1351 3549 so‚dessmcn

218 3551 282 3603 nti
296 3551 386 3603 :oet
408 3552 495 3605 ciuem
517 3550 702 3605 Enteclrlusoe
725 3552 769 3603 te·
820 3552 924 3604 Italien
948 3551 1096 3621 preisgeb.
1112 3578 1145 3589 -·-
1162 3567 1192 3601 co
1213 3550 1278 3619 iae]
1304 3549 1354 3600 Go-

237 3619 700 3687 leorren.-eedquod..iudieem]
716 3620 768 3671 der
819 3620 886 3687 pice
899 3606 1069 3671 bezeichnet
1086 3618 1133 3671 die
1150 3568 1287 3671 Soffiaten
1310 3616 1352 3668 als

237 3686 414 3753 Coniunctis
433 3692 543 3740 anstctt
558 3686 608 3739 des
625 3686 655 3737 in
672 3686 769 3739 dieser
820 3686 916 3739 blosse
929 3685 1171 3739 streitkrifte
1184 3686 1241 3749 (die
1255 3681 1351 3747 Zahl);

238 3755 490 3821 Setzverbindung
549 3752 769 3806 ebrinohlichen
820 3770 909 3820 penna
926 3754 1064 3805 coercitus
1084 3753 1198 3805 bezieht
1220 3752 1282 3805 sich
1294 3752 1357 3814 ‚auf

237 3820 508 3889 Indicctivswegen
540 3838 572 3873 er
589 3821 769 3889 abhdngigen
820 3821 867 3874 die
895 3821 997 3873 innere
1021 3820 1264 3885 Beschaffenheit,
1294 3818 1349 3869 den

237 3890 322 3943 Fornr
353 3892 403 3942 des
432 3890 626 3958 Hauptsetzes
654 3896 688 3941 ut
709 3904 769 3943 non
820 3888 906 3941 Geiat
923 3888 974 3939 der
990 3886 1139 4006 Truppen.
1168 3887 1221 3940 Die
1239 3885 1352 3939 Zerris-
1384 3952 1386 3957 Ι

237 3960 367 4023 audeam,
379 3956 769 4023 indenderconjnnctionnle
821 3955 931 4009 senheit
960 3956 1019 4008 und
1073 3953 1267 4007 erfehrenheit
1302 3953 1354 4005 der

236 4027 402 4079 Nebensetz
427 4025 469 4078 als
492 4023 575 4075 Theil
599 4026 650 4076 der
680 4027 768 4078 Vor-
820 4023 930 4084 Partei,
950 4022 978 4073 in
993 4022 1044 4075 der
1056 4022 1144 4075 leder
1157 4029 1245 4074 etwas
1261 4021 1353 4073 Ande·

239 4092 395 4161 steilung
407 4109 442 4144 zu
453 4090 623 4144 betrcohden
636 4091 684 4145 ist.
703 4092 770 4160 Vgl.
820 4106 868 4143 res
878 4089 985 4154 wollte,
997 4090 1104 4142 konute
1115 4088 1355 4156 nichtzurnsiege

236 4159 406 4214 z.l.18.11.
820 4156 930 4211 fdhren.
948 4183 981 4194 -
998 4158 1102 4223 caasa]
1129 4158 1183 4209 ‘die
1205 4158 1278 4211 (ἰᾶτο
1301 4161 1355 4212 der

271 4230 298 4279 2.
316 4226 402 4277 icitia
414 4243 449 4278 m.
463 4244 490 4279 a.
503 4225 625 4295 ciderio]
643 4227 674 4283 8.
691 4226 770 4280 ΕἰιιΙ.
821 4224 927 4282 Saelec'.
940 4252 972 4263 ·-
986 4222 1109 4291 viriles]
1129 4224 1158 4276 S.
1176 4240 1201 4275 n.
1220 4226 1271 4283 ΙΙΙ.
1288 4229 1314 4280 ὅ.
1326 4230 1354 4279 5.
