3000 4650
543 261 574 332 (l.
589 260 726 319 TULLIUS
742 261 865 320 ulduno.
902 288 906 291 ·
1218 253 1261 320 53

148 427 213 488 cani
227 428 378 505 aspernari
393 443 452 487 non
468 433 599 506 possunt,
616 429 667 508 qui
682 427 813 506 pendere
826 428 883 506 ipsi
894 425 1016 506 vectigal
1027 427 1090 488 sine
1103 425 1261 504 publicano

147 530 207 572 non
228 513 392 590 potuerint,
419 512 498 589 quod
525 512 559 573 iis
580 511 737 591 aequaliter
759 510 839 574 Sulla
861 511 1066 589 descripserat.
1110 511 1175 571 Nou
1195 527 1261 574 csse

147 603 245 656 autem
269 594 396 657 leniores
422 598 451 656 in
480 596 629 673 exigendis
656 595 849 674 vectigalibus
874 597 1004 658 Graecos
1029 613 1116 674 quam
1143 602 1261 655 nostros

146 679 319 758 publicanos
330 680 398 742 hinc
411 679 531 759 intelligi
544 688 648 757 potest,
657 680 846 760 quodCaunii
859 698 955 760 nuper
962 697 1121 755 omnesque
1132 698 1167 740 ex
1179 680 1259 741 insu-

146 765 191 834 lis,
208 782 283 844 quae
299 772 383 825 erant
397 765 434 825 ab
446 763 524 826 Sulla
540 765 662 826 Rhodiis
680 764 846 836 attributae,
863 765 1060 843 confugerunt
1070 764 1107 824 ad
1116 770 1259 833 senatum,

147 847 232 909 nobis
248 856 282 908 ut
304 851 401 928 potius
421 849 544 926 vectigal
562 855 650 929 duam
669 847 792 910 Rhodiis
814 849 988 927 penderent.
1027 848 1125 920 Quare
1151 865 1260 910 nomen

146 932 293 1010 publicani
309 950 406 1010 neque
420 934 440 993 ii
454 933 563 994 debent
577 934 716 1002 horrere,
743 934 793 1014 qui
814 951 932 1011 semper
954 931 1110 1010 vectigales
1129 932 1259 1002 luerunt,

146 1035 242 1096 neque
256 1018 277 1076 il
291 1019 457 1095 aspernari,
474 1019 524 1097 qui
538 1034 592 1094 per
607 1036 639 1078 se
657 1017 788 1095 pendere
803 1017 925 1094 vectigal
940 1035 999 1076 uon
1015 1025 1190 1094 potuerunt,
1208 1034 1260 1076 ne·

147 1119 204 1180 que
222 1103 241 1162 ii
259 1119 414 1171 recusare,
439 1104 489 1180 qui
508 1100 738 1180 postulaverunt.
777 1101 869 1163 Simul
894 1109 923 1161 et
948 1099 1020 1161 illud
1045 1102 1111 1162 Asia
1138 1102 1256 1178 cogitet,
1279 1109 1319 1170 34

146 1184 256 1246 nullam
271 1203 287 1246 a
302 1203 334 1246 se
351 1203 446 1266 neque
461 1184 531 1247 belli
545 1187 658 1246 externi
680 1203 776 1264 neque
794 1186 1023 1248 domesticarum
1043 1185 1258 1246 discordiarum

146 1269 339 1341 calamitatem
354 1271 500 1332 afuturam
515 1269 613 1338 luisse,
629 1270 654 1330 si
668 1269 726 1331 hoo
740 1271 866 1348 imperio
882 1287 942 1330 non
958 1276 1120 1330 teneretur.
1160 1268 1193 1330 ld
1207 1287 1258 1330 au·

145 1362 204 1416 tem
227 1354 381 1432 imperium
406 1371 472 1415 cum
494 1354 613 1414 retineri
635 1355 698 1415 sine
718 1353 910 1432 vectigalibus
936 1353 1016 1414 nullo
1040 1354 1128 1414 modo
1155 1354 1257 1431 possit,

145 1456 240 1518 aequo
257 1439 355 1498 animo
368 1445 453 1517 parte
468 1437 563 1516 aliqua
585 1455 706 1498 suorum
726 1439 875 1498 fructuum
898 1455 1002 1515 pacem
1026 1437 1081 1498 sibi
1103 1439 1258 1516 sempiter-

145 1541 213 1584 nam
228 1522 355 1582 redimat
369 1528 456 1599 atquc
471 1524 572 1583 otium.
1316 1581 1318 1586 .

230 1606 291 1666 Xll.
335 1606 445 1678 Quodsi
468 1621 562 1683 genus
578 1606 674 1683 ipsum
700 1612 729 1666 et
756 1623 865 1668 nomen
894 1604 1044 1685 publicani
1067 1623 1128 1666 non
1155 1607 1255 1684 iniquo
1279 1605 1319 1666 35
1394 1632 1399 1635 ·

146 1693 243 1753 animo
269 1690 463 1760 sustinebunt,
486 1696 626 1769 potemnt
644 1691 680 1750 iis
696 1689 819 1751 consilio
843 1697 871 1751 et
892 1691 1048 1768 prudentia
1075 1697 1123 1750 tua
1146 1689 1257 1768 reliqua

144 1775 237 1837 videri
250 1777 374 1836 mitiora.
403 1775 531 1836 Possunt
546 1776 576 1834 in
591 1773 776 1852 pactionibus
790 1774 931 1836 iaciendis
947 1793 1005 1835 non
1018 1775 1114 1853 legem
1125 1780 1261 1853 spectare

146 1860 324 1929 censoriam,
338 1859 392 1921 sed
407 1859 505 1937 potius
523 1859 759 1920 commoditatem
781 1859 953 1921 conficiendi
973 1861 1081 1937 negotii
1102 1866 1131 1920 et
1150 1857 1260 1919 libera·

146 1947 257 2006 tionem
272 1942 433 2006 molestiae.
464 1943 551 2004 Potes
568 1945 654 2004 etiarn
667 1952 699 2004 tu
719 1943 747 2003 id
763 1943 872 2013 facere,
888 1944 966 2023 quod
983 1952 1013 2005 et
1032 1943 1127 2004 iecisti
1142 1943 1260 2021 egregie

146 2036 174 2090 et
187 2028 267 2098 lacis,
284 2036 316 2090 ut
329 2045 553 2097 commemores
571 2035 678 2105 quauta
694 2029 731 2088 sit
745 2030 776 2087 in
790 2027 954 2106 publicanis
968 2027 1101 2105 dignitas,
1118 2034 1258 2105 quantum

145 2131 199 2176 nos
214 2113 254 2173 illi
270 2113 367 2173 ordini
381 2111 549 2180 debeamus,
573 2118 606 2171 ut
622 2118 736 2172 remoto
750 2112 875 2189 imperio
898 2129 932 2172 ac
948 2113 976 2170 vi
996 2112 1149 2190 potestatis
1168 2117 1198 2170 et
1216 2110 1230 2169 s
1247 2143 1259 2155 -

146 2200 238 2260 scium
250 2196 423 2276 publicanos
431 2197 625 2257 cumGraecis
636 2197 728 2272 gratia
741 2202 829 2274 atque
839 2197 1012 2257 auctoritate
1024 2196 1193 2273 coniungas,
1207 2192 1259 2256 sed

146 2294 174 2345 et
196 2282 234 2343 ab
257 2283 305 2353 iis,
334 2280 371 2343 de
393 2279 499 2361 quibus
521 2281 631 2357 optime
652 2287 683 2341 tu
706 2281 829 2342 meritus
852 2299 885 2341 es
906 2285 935 2341 et
952 2279 1003 2360 qui
1020 2279 1073 2343 tibi
1094 2280 1192 2341 onmia
1208 2278 1258 2340 de-

145 2368 226 2437 beot,
247 2367 304 2426 hoc
318 2374 411 2445 petas,
427 2372 459 2425 nt
474 2363 611 2425 facilitate
627 2382 680 2426 sua
696 2382 751 2426 nos
766 2382 831 2425 earn
846 2365 1103 2433 necessitudinem,
1119 2382 1196 2442 quae
1213 2369 1257 2424 est

145 2451 231 2511 nobis
247 2468 313 2509 cum
330 2448 511 2528 publicanis,
528 2448 663 2509 obtinere
677 2456 706 2510 et
721 2466 898 2511 conservare
911 2450 1069 2527 patiantur.
1104 2448 1163 2510 Sed
1184 2447 1254 2528 quid
1278 2451 1318 2513 36

146 2552 202 2612 ego
216 2539 247 2595 te
262 2532 335 2594 haec
350 2532 469 2601 hortor,
486 2550 561 2611 quae
576 2539 608 2593 tu
622 2550 682 2593 non
697 2533 785 2593 modo
798 2536 897 2595 lacere
910 2540 996 2613 potes
1009 2543 1059 2593 tua
1077 2538 1180 2610 sponte
1195 2533 1260 2593 sine

145 2620 318 2698 cuiusquam
331 2617 504 2695 praeceptis,
518 2616 569 2678 sed
586 2618 671 2679 etiam
687 2635 793 2697 magna
804 2620 860 2679 iam
873 2636 908 2678 ex
920 2624 1003 2696 parte
1014 2616 1181 2696 perfecisti?
1194 2616 1259 2677 Non

146 2705 225 2765 enirn
241 2702 386 2764 desistunt
399 2700 485 2763 nobis
500 2719 587 2779 agere
605 2701 735 2779 quotidie
750 2704 860 2779 gratias
881 2702 1106 2764 honestissimae
1121 2707 1151 2761 et
1166 2700 1258 2761 maxi·

147 2891 230 2939 unter
242 2884 555 2939 rdmiscbeHerrschaft
566 2884 676 2951 lamen,
729 2884 843 2937 Geldlla
853 2886 905 2937 aul
912 2884 959 2937 ein
969 2885 1089 2936 lustrum
1095 2883 1263 2951 verpacbtet

146 2955 216 3006 nach
227 2954 308 3007 ihren
321 2954 439 3020 eigenen
452 2952 678 3019 Einrichtungen
728 2952 857 3005 worden.
888 2952 941 3004 Die
953 2950 1152 3004 Provincialen
1170 2951 1260 3002 konn-

146 3022 310 3089 vectigales.
334 3022 364 3075 S.
375 3038 401 3073 z.
413 3021 435 3076 Ι.
447 3024 472 3071 4.
487 3025 561 3074 3.·-·
579 3018 675 3086 Sulla]
728 3027 777 3071 ten
795 3020 863 3072 aber
881 3020 932 3072 mit
952 3020 1007 3072 den
1024 3018 1261 3088 Stoatspiichtern

145 3090 194 3141 Alo
207 3090 288 3143 Sulla
305 3088 376 3141 nach
393 3087 443 3140 der
456 3087 616 3155 Besiegung
629 3087 677 3139 des
727 3088 884 3140 betoudere
911 3087 1051 3154 Vertrdge
1084 3086 1261 3153 (pactiones)

146 3156 327 3209 Mithridates
341 3156 359 3207 i.
376 3155 401 3207 J.
419 3158 452 3207 84
470 3172 525 3207 von
543 3155 593 3207 der
606 3154 677 3206 Pro·
729 3154 934 3220 abscbliessen,
963 3154 1010 3206 die
1033 3171 1087 3206 von
1113 3153 1260 3205 einzelnen

146 3224 212 3275 vion
222 3224 309 3276 Asieu
319 3223 360 3275 als
371 3223 468 3275 Strale
478 3221 677 3274 liirihrenAb-
728 3222 956 3289 Bestirnmnngeu
976 3223 1027 3275 der
1052 3221 1097 3273 lex
1121 3220 1260 3283 censoria,

147 3290 199 3343 sall
216 3294 311 3370 nopuo
326 3290 447 3370 fl'alente
468 3290 609 3370 sordente,
631 3288 677 3341 die
728 3289 758 3341 iu
771 3290 821 3370 der
834 3290 905 3341 auch
917 3289 962 3341 die
975 3289 1029 3340 Art
1045 3288 1096 3339 dar
1107 3287 1262 3353 Erbebuug

148 3356 680 3489 ttdittlbttailtll'lttl„lli
726 3354 1261 3491 {tibitibintltlttaltitu:

146 3489 576 3556 Provincialen,umdieSmnine
587 3490 679 3557 gleich
727 3490 1098 3557 trageneomtlieteMaelit.
1122 3489 1180 3540 Der
1190 3487 1261 3539 Sion

148 3558 245 3611 zahlen
257 3574 292 3609 zu
302 3558 427 3622 konnen,
439 3574 495 3608 vou
505 3558 560 3609 deu
569 3558 679 3609 staats·
730 3560 781 3610 der
793 3557 882 3610 Stelle
895 3558 946 3609 ist:
965 3557 1061 3609 Durch
1072 3554 1262 3621 Hinweisung

168 3626 284 3678 iohtern
301 3623 400 3705 ⁰⁰¹⁶..
416 3642 430 3676 e.
452 3641 485 3676 en
506 3625 609 3676 Zinsen
632 3640 680 3705 ge·
728 3625 891 3692 (commem.)
904 3626 956 3677 aui
965 3624 1011 3676 die
1023 3622 1130 3676 Wbrde
1143 3624 1194 3676 der
1206 3623 1262 3674 Pu-

148 3642 415 3760 beten—Caum&
448 3706 682 3744 aunuswareine
729 3691 837 3744 blicani
856 3711 884 3748 u.
902 3711 925 3745 s.
943 3710 979 3744 w.
998 3692 1102 3744 kaunat
1123 3691 1167 3742 Du
1191 3689 1262 3742 auch

149 3763 232 3814 Stadt
244 3761 272 3812 ln
287 3760 400 3812 Carion.
419 3788 450 3797 -
468 3759 586 3811 Rhodiis
599 3759 681 3810 attri-
732 3760 804 3811 olane
818 3760 932 3813 Gewalt
948 3759 976 3811 in
995 3759 1070 3811 Giite
1088 3757 1176 3812 durch
1188 3757 1262 3811 Dein

149 3828 245 3895 butue]
260 3844 312 3879 zur
325 3826 600 3894 Belohuungdoliir,
614 3827 680 3879 dass
753 3828 924 3880 erslinliclies
948 3826 1077 3879 Anscbeo
1106 3826 1152 3877 ein
1180 3831 1261 3892 gotes

150 3894 680 3961 RhoduoimlllithridatiscbcnKriege
707 3938 710 3945 ,
731 3844 1262 3960 blacernebmeozwischenjenenund

149 3980 182 4017 zu
192 3964 264 4016 Rom
277 3962 416 4031 geholten.
733 3962 787 4015 deu
815 3961 1013 4015 Provinzlnlen
1046 3959 1262 4019 herbeilrihren3

733 4031 802 4081 aber
819 4030 864 4083 Du
889 4030 984 4082 darlst
1007 4030 1078 4081 ancli
1096 4043 1151 4079 von
1170 4026 1260 4079 denen

216 4099 257 4149 35.
281 4096 365 4161 legem
381 4094 549 4163 censoriam]
565 4094 619 4149 Die
637 4095 682 4148 lex
732 4097 800 4162 (den
814 4096 970 4160 Griecben)
983 4134 990 4149 .
1004 4137 1009 4148 .
1024 4131 1030 4145 ·
1043 4095 1175 4157 lordono,
1195 4094 1261 4145 dass

151 4162 280 4217 censoria
293 4162 413 4217 euthielt
420 4164 556 4231 jodeamal
569 4164 616 4216 die
628 4164 683 4216 Be·
733 4164 775 4217 sio
788 4202 816 4218 ..
832 4194 884 4218 .-
907 4172 987 4233 petor
1008 4163 1094 4231 haugt
1115 4160 1186 4212 nocli
1206 4176 1261 4210 von

150 4230 321 4300 diognngon,
332 4230 681 4286 unterdenendiesuaca-
733 4240 767 4286 ot
780 4234 824 4287 ab.
