3000 4650
517 279 545 336 b.
561 267 728 337 nunnitus
743 276 900 336 Plautus
1199 272 1261 341 189

586 524 768 590 iterarunt
783 523 830 595 X.

572 664 689 724 CICERO
702 665 851 724 intutu·

235 781 272 844 Et
285 783 344 844 alui
357 782 547 862 proficiscens
562 780 592 842 iu
606 781 775 849 Graeciam,
791 785 822 841 et
830 785 1023 861 posteaquam
1037 779 1075 842 de
1089 798 1157 843 mec
1170 799 1261 844 cursu
1281 788 1301 851 1

146 869 192 930 rei
206 865 340 948 publicae
354 884 420 929 sum
439 883 511 928 voce
538 873 709 937 revocatus,
739 881 890 944 uunquam
904 882 959 945 per
972 865 1011 927 tt.
1025 866 1185 928 Antonium
1198 867 1263 947 qui·

147 957 214 1013 etus
237 949 295 1021 iui;
322 953 406 1014 cuius
430 956 509 1012 tanta
526 949 650 1012 estnon
664 947 870 1012 insolentia-
886 966 957 1010 nam
971 949 1002 1010 id
1013 949 1133 1030 quidem
1146 948 1267 1030 urlgare

146 1037 251 1096 utinm
267 1043 312 1096 est
328 1071 383 1104 ψ,
399 1035 450 1097 sed
466 1034 647 1105 immanitas,
660 1050 723 1094 nen
733 1031 826 1094 modu
840 1041 875 1094 ut
887 1049 1006 1105 vacem,
1024 1033 1078 1100 scd
1099 1052 1137 1096 ne
1154 1033 1267 1098 vultum

148 1117 270 1198 quidem
285 1117 413 1182 liberum
428 1120 521 1199 possit
535 1117 615 1180 ierne
629 1119 812 1197 cuiusquam.
839 1117 945 1198 ltaque
958 1117 1033 1179 milri
1050 1120 1196 1183 maximae
1212 1139 1267 1182 eu·

148 1220 201 1264 rae
218 1209 338 1264 estnon
354 1203 392 1264 de
410 1221 476 1265 mea
489 1203 608 1286 quidem
621 1203 695 1272 rita,
722 1203 771 1268 cui
796 1202 925 1263 smisieci
949 1201 997 1264 rel
1015 1209 1110 1265 astate
1122 1203 1169 1266 rel
1181 1203 1269 1266 tecua

148 1284 210 1358 vel,
228 1287 253 1346 si
269 1287 340 1366 quid
353 1289 442 1350 ctiam
457 1288 515 1348 bou
528 1287 565 1348 ad
581 1303 645 1349 rem
662 1289 805 1368 pertinet,
827 1284 936 1366 gleria3
956 1287 1010 1348 sed
1034 1305 1083 1348 mc
1097 1289 1194 1368 patria
1208 1287 1268 1350 scl-

148 1369 243 1432 lieitat
261 1371 293 1432 in
314 1372 492 1452 primisque,
522 1371 563 1432 mi
576 1369 699 1440 Plance,
726 1372 906 1449 exspectatio
920 1369 1089 1433 consulatus
1102 1373 1160 1443 tui,
1183 1391 1265 1454 quae

148 1457 190 1516 ita
215 1455 301 1533 lunga
322 1465 386 1527 cst,
407 1465 440 1519 ut
458 1455 619 1536 amandum
639 1457 691 1525 sit,
712 1455 906 1534 utpcssimus
921 1454 1004 1516 adid
1018 1459 1194 1536 tempure
1208 1475 1264 1536 pu·

149 1537 246 1602 blicae
260 1541 396 1620 spiritum
411 1541 529 1602 ducere.
561 1539 643 1612 Quae
666 1546 765 1618 petest
787 1539 865 1599 enim
885 1555 955 1618 spes
975 1557 1042 1601 esse
1061 1543 1093 1601 in
1108 1558 1193 1604 care
1208 1561 1266 1621 pu·

148 1621 241 1694 blica,
258 1625 289 1685 iu
306 1643 362 1705 qua
376 1624 505 1689 bominis
519 1623 760 1703 impotentissimi
770 1629 858 1702 atque
874 1623 1164 1702 intemperantissimi
1171 1630 1266 1688 armis

149 1723 292 1787 oppressa
307 1718 375 1772 snut
390 1709 506 1770 omnia?
526 1714 556 1769 et
568 1707 598 1767 in
613 1725 670 1787 qua
686 1724 742 1770 nec
758 1713 878 1770 sendus
892 1724 949 1769 nec
960 1707 1089 1788 populus
1101 1710 1162 1770 um
1173 1709 1267 1772 babet

77 1787 85 1802 '
149 1790 259 1853 ullam?
273 1811 329 1856 nec
342 1793 424 1873 leges
439 1792 516 1854 ullae
531 1798 600 1854 sunt
614 1809 670 1853 nee
687 1791 796 1854 iudicia
810 1807 866 1852 nee
882 1793 1002 1852 emniuc
1013 1792 1204 1856 simulacrum
1216 1795 1267 1856 ali·

149 1876 230 1955 qued
248 1895 284 1938 ac
300 1879 453 1956 vestigium
469 1876 610 1938 civitatis?
640 1875 699 1938 Sed
724 1877 865 1957 queniam
890 1884 955 1937 scta
978 1878 1077 1938 emnia
1091 1879 1167 1940 mitti
1180 1878 1219 1939 ad
1235 1888 1267 1940 te
1289 1882 1309 1946 2

150 1958 331 2032 arbitrabar,
357 1961 430 2024 nihil
455 1969 532 2033 erat,
561 1961 643 2040 qued
668 1961 792 2039 siugulis
819 1961 857 2022 dc
880 1960 972 2022 rebus
991 1961 1163 2024 scriberem.
1192 1962 1268 2025 illud

151 2049 250 2113 autem
275 2053 339 2108 erat
361 2047 472 2108 amcris
496 2047 571 2115 mei,
599 2063 687 2124 quem
705 2064 722 2108 a
739 2054 792 2108 tua
805 2046 932 2124 pueritia
946 2051 1115 2124 susceptum
1127 2065 1190 2108 ncu
1203 2066 1269 2109 ser-

149 2128 335 2201 varisulum,
353 2130 406 2192 sed
422 2131 510 2192 etiam
523 2131 606 2200 auxi,
621 2147 745 2193 monere
762 2138 792 2190 te
803 2137 894 2210 atque
905 2130 1031 2200 bertari,
1051 2133 1125 2192 utin
1136 2149 1201 2193 rem
1211 2150 1268 2211 pu·

149 2210 261 2272 blicam
288 2216 370 2274 omni
395 2215 572 2290 cogitatione
598 2231 728 2292 curaque
753 2213 954 2276 incumberes.
985 2212 1067 2284 Quae
1083 2217 1110 2276 si
1128 2215 1166 2277 ad
1181 2223 1268 2278 tuum

150 2301 269 2375 tempus
292 2296 480 2376 perducitur,
506 2296 601 2361 facilis
626 2297 802 2377 gubernatio
828 2306 887 2369 est:
913 2305 946 2360 ut
960 2299 1140 2378 perducatur
1157 2309 1266 2373 autem,

150 2396 278 2459 magnae
304 2400 372 2445 cum
397 2381 566 2463 diligentiae
592 2390 651 2454 cst,
677 2390 740 2448 tum
763 2385 852 2445 ctiam
872 2382 1018 2446 fortunae.
1049 2384 1109 2446 Sed
1127 2393 1156 2447 ct
1170 2395 1200 2451 te
1215 2385 1266 2447 ali·
1287 2390 1307 2453 3
1343 2415 1353 2440 .-

152 2472 262 2544 quauto
278 2473 362 2537 ante,
377 2475 411 2528 ut
425 2486 528 2549 spero,
550 2466 739 2540 babebimus,
770 2474 812 2540 et,
833 2477 1044 2548 praeterquam
1058 2469 1138 2548 quud
1152 2471 1197 2536 rei
1212 2487 1268 2549 pu·
1317 2527 1319 2534 ,

151 2546 246 2611 blicae
275 2550 430 2613 consulere
457 2551 616 2623 debemus,
641 2559 742 2615 tamen
762 2559 831 2614 tuae
848 2552 980 2631 dignitati
1000 2554 1040 2614 ita
1062 2554 1209 2625 lavemus,
1235 2560 1269 2615 ut

152 2650 241 2694 mnne
259 2642 398 2701 nostrum
413 2634 581 2707 consilium,
610 2637 754 2709 studium,
780 2636 928 2707 efficium,
956 2654 1093 2716 operam,
1122 2638 1266 2707 laborem,
1378 2637 1380 2642 '

152 2716 334 2795 diligentiam
350 2721 387 2783 ad
403 2722 624 2801 amplitudinem
640 2730 721 2784 tuaru
739 2722 936 2784 conferamus.
965 2720 1009 2784 lta
1029 2720 1166 2784 facillime
1180 2730 1210 2783 et
1223 2724 1268 2783 rei

151 2800 304 2881 publicae,
321 2822 397 2883 quae
414 2806 487 2866 mibi
502 2807 651 2868 carissima
668 2814 726 2876 est,
741 2815 772 2867 et
785 2806 932 2868 amicitiae
945 2813 1080 2877 nostrae,
1097 2824 1186 2885 quam
1200 2825 1267 2869 san·

153 2887 280 2951 ctissime
295 2889 381 2951 nobis
395 2890 550 2953 colendam
559 2898 647 2971 pute,
662 2909 711 2953 me
723 2890 855 2969 intelligo
865 2890 1094 2956 satisfacturum.
1123 2891 1267 2953 Furnium
1288 2898 1310 2959 4

152 2977 287 3035 nostrum
301 2976 375 3038 tanti
390 2993 406 3036 a
421 2981 450 3037 te
465 2976 545 3044 lieri,
569 2982 711 3054 quantum
729 2976 822 3056 ipsitu
842 2974 1010 3038 humanitas
1026 2982 1057 3038 et
1074 2974 1201 3055 dignitas
1214 2993 1268 3055 pc·

185 3174 330 3226 Erramli.
355 3174 428 3241 (⁷10.
444 3175 501 3240 44.)
525 3176 584 3228 Der
603 3176 689 3229 Brief
730 3175 839 3232 ,beiden
874 3174 1012 3228 Glicdcrn
1052 3177 1269 3244 vorangestellt.

154 3236 193 3288 ist
205 3254 240 3289 zu
249 3240 319 3291 Rern
328 3257 419 3309 gegen
427 3242 508 3296 Ende
518 3243 686 3313 September
737 3242 803 3312 Vgl.
816 3260 840 3295 z.
852 3243 889 3296 II.
902 3246 928 3295 b.
941 3270 973 3282 ·-
984 3245 1019 3295 dc
1030 3260 1091 3297 mec
1102 3242 1178 3311 cita]
1197 3244 1226 3297 8.
1244 3261 1268 3297 z.

155 3303 350 3371 gescbriebcn,
738 3310 761 3362 Ι.
776 3314 817 3363 17.
830 3309 856 3362 8.
879 3308 1057 3379 canalaus]
1070 3310 1269 3364 Cacsarbette
1360 3348 1366 3352 -

190 3371 217 3423 l.
226 3373 404 3439 proficiscens
414 3375 446 3426 in
458 3376 616 3445 Graeciam]
631 3376 686 3431 Uni
737 3376 848 3430 bersits
863 3376 912 3429 tur
930 3377 957 3431 d.
977 3377 1003 3429 J.
1015 3380 1059 3432 43.
1083 3376 1197 3431 Hirtius
1210 3378 1269 3432 und

156 3439 211 3491 den
234 3438 371 3493 Uarubeu
395 3442 453 3494 und
477 3444 622 3499 Geisbren
651 3461 688 3497 eu
738 3443 1120 3499 reassumendum.
1143 3444 1268 3499 Plancus

155 3506 309 3573 entgehen,
327 3507 425 3561 wallis
440 3508 542 3564 Cicero
555 3510 592 3564 im
603 3512 630 3565 J.
642 3516 685 3564 44.
739 3512 799 3564 und
815 3514 851 3563 D.
867 3512 974 3565 Brutus
986 3527 1023 3563 su
1036 3512 1120 3565 Coss.
1137 3520 1267 3569 eruanut.

156 3572 255 3625 seinen
278 3574 447 3629 Aufentbalt
469 3576 499 3629 in
528 3578 685 3631 Grieeben-
739 3578 842 3631 Cicera
876 3579 975 3633 suclrte
1002 3580 1126 3633 Plancus
1154 3597 1190 3633 zu
1219 3597 1269 3649 ge-

156 3639 224 3693 land
248 3642 363 3696 uebrnen
388 3644 445 3697 und
489 3645 539 3713 ing
560 3646 632 3699 euch
648 3648 685 3699 ira
737 3647 867 3712 minnan,
891 3646 985 3701 indem
1003 3663 1035 3699 er
1059 3645 1105 3700 die
1121 3648 1270 3717 Hcffuung

156 3707 217 3789 iuli
240 3724 275 3760 zu
299 3710 412 3765 Scbiffe.
447 3662 541 3766 Affieiu
564 3713 685 3783 widrigs
737 3713 1270 3785 eusspricbt,dassseiuccnsulstliet·

156 3775 438 3832 Wandebieltenibn
456 3780 684 3835 wiederbcltnu-
736 3787 809 3850 tuug
836 3781 959 3849 bringeri
986 3782 1097 3849 werde,
1128 3784 1185 3837 und
1215 3784 1270 3839 deu

157 3842 235 3907 rici,
245 3844 685 3903 undderEinflussdchreundc
736 3850 865 3903 Wunseb
876 3851 1001 3917 iusseri,
1015 3850 1087 3904 necb
1096 3868 1127 3903 so
1138 3851 1222 3919 lange
1234 3870 1268 3905 zu

157 3911 214 3963 und
226 3912 342 3965 bessere
351 3914 543 3969 Nacbricbteu
556 3917 685 3970 ansilam
738 3917 821 3971 leben
833 3918 978 3986 (spiritum
989 3919 1112 3985 ducere).

157 3979 615 4037 vermccbtenibnzurlidckkebr.
633 3983 685 4037 Aru
773 3989 798 4037 2.
823 3984 901 4052 cetu]
925 3986 956 4038 S.
973 4002 1000 4038 s.
1016 3986 1085 4039 1111.
1101 3990 1128 4039 9.
1146 3990 1170 4037 1.
1184 4014 1217 4023 -
1229 3988 1268 4039 ud

156 4046 263 4099 letuten
275 4045 386 4117 August
403 4050 465 4103 kam
479 4068 510 4103 er
522 4052 594 4105 nscb
606 4052 686 4108 Rern.
710 4104 712 4120 ‚
740 4052 874 4121 dempera]
888 4074 924 4099 =
934 4052 979 4107 bis
991 4053 1151 4108 aneiuem
1158 4054 1267 4107 Consu·

158 4138 189 4155 ··-
201 4130 259 4166 nou
271 4118 351 4169 made
363 4115 412 4183 ut]
431 4118 489 4171 Das
508 4134 572 4173 uum
589 4125 685 4174 ersten
738 4118 789 4172 lat.

160 4180 260 4235 Gliede
277 4183 436 4251 genutenus
452 4201 509 4238 mun
526 4188 605 4240 mede
625 4188 686 4255 (ffir
770 4192 797 4240 4.
824 4187 978 4255 Furnium]
1009 4188 1041 4240 C.
1070 4188 1195 4241 Furnius
1208 4204 1269 4240 wer

159 4262 215 4299 nan
226 4252 305 4303 mode
316 4268 388 4317 nem
406 4270 428 4307 s.
445 4254 575 4310 ntum.
590 4254 628 4320 1.)
647 4256 686 4309 ist
737 4254 830 4325 Legat
847 4257 896 4310 des
914 4255 1052 4323 Plancus,
1077 4256 1129 4309 der
1143 4255 1199 4308 ibrn
1215 4256 1267 4308 be·
