3000 4650
222 216 285 284 152
637 200 933 280 maturastis.

223 386 367 449 relarum!
397 402 465 452 cum
480 384 526 446 rel
541 384 757 466 iniquissimam
769 401 874 462 pacem
885 384 1047 445 iustissimo
1057 379 1136 443 bello
1151 380 1346 443 anteferrem.

180 472 305 537 dlicta
322 478 366 534 est
382 470 542 536 auctoritas
556 485 636 539 mea,
653 485 714 530 nou
730 476 792 530 tam
807 487 823 552 a
837 468 979 547 Pompeio
990 501 1032 513 -
1045 484 1114 528 nam
1129 466 1155 526 is
1168 464 1349 536 movebatur

224 590 266 604 -
281 572 367 636 quam
384 552 421 615 ab
438 552 488 622 iis,
512 554 562 631 qui
578 552 653 614 duce
670 552 812 631 Pompeio
834 552 904 614 freti
921 559 1176 631 peropportunam
1202 556 1231 611 et
1249 547 1345 610 rebus

225 639 393 701 domesticis
408 644 437 698 et
454 635 662 717 cupiditatibus
681 638 743 700 suis
758 635 838 698 illius
852 635 923 698 belli
936 636 1088 702 victoriam
1106 634 1171 695 lore
1184 632 1342 713 putabant.

111 723 114 733 '
224 724 402 802 susceptum
415 719 526 784 bellurn
542 721 778 797 estquiescente
792 739 855 790 me,
877 718 1032 798 depulsum
1054 737 1090 780 ex
1103 717 1185 780 ltalia
1206 724 1344 778 manente

224 825 287 877 me,
306 805 403 885 quoad
418 806 509 884 potui.
543 804 600 865 Sed
620 802 710 866 valuit
730 803 809 883 apud
824 822 873 865 me
892 804 959 883 plus
980 803 1078 883 pudor
1093 820 1177 864 meus
1198 818 1286 879 quam
1305 801 1344 859 ti·

225 908 308 964 mor3
337 890 450 951 veritus
472 906 537 951 sum
560 888 663 950 deesse
683 888 817 965 Pompeii
831 886 932 959 saluti,
955 906 1022 949 cum
1041 886 1091 948 ille
1106 885 1261 965 aliquando
1282 902 1344 945 non

227 974 369 1036 defuisset
382 990 475 1035 meae.
507 971 609 1051 ltaque
623 971 670 1032 vel
691 969 789 1032 officio
810 971 856 1034 rel
884 973 960 1034 sama
983 972 1131 1034 bonorum
1163 969 1208 1030 vel
1229 968 1349 1046 pudore

227 1062 337 1127 victus,
354 1063 387 1117 ut
399 1058 431 1116 in
444 1055 553 1118 tabulis
568 1055 779 1134 Amphiaraus,
795 1058 838 1116 sic
852 1074 908 1134 ego
922 1056 1054 1135 prudens
1069 1063 1098 1118 et
1113 1057 1209 1117 sciens
1226 1053 1275 1114 ‘ad
1290 1071 1344 1131 pe·

228 1150 302 1204 stem
316 1148 383 1202 ante
398 1138 500 1201 oculos
513 1141 651 1218 positam’
665 1157 730 1206 sum
741 1141 904 1218 proiectus.
928 1138 992 1210 Quo
1007 1142 1037 1199 in
1052 1138 1131 1200 bollo
1144 1137 1218 1199 nihil
1228 1137 1346 1198 adversi

187 1223 205 1283 7
229 1224 336 1286 accidit
350 1241 412 1286 nou
426 1224 617 1304 praedicente
631 1242 689 1285 me.
735 1224 834 1297 Quare
848 1226 1000 1304 quoniam,
1016 1230 1050 1285 ut
1064 1238 1193 1300 augures
1208 1234 1237 1283 et
1250 1228 1347 1284 astro·

228 1309 288 1387 logi
304 1307 416 1377 solent,
433 1324 489 1392 ego
502 1324 622 1387 quoque
637 1326 733 1387 augur
746 1307 884 1388 publicus
900 1326 936 1369 ex
951 1309 1025 1369 meis
1037 1306 1245 1385 superioribus
1258 1322 1345 1385 prue-

229 1393 313 1456 dictis
327 1393 466 1453 constitui
481 1392 558 1471 apud
572 1399 601 1454 te
617 1392 823 1456 auctoritatem
846 1394 962 1471 augurii
988 1399 1017 1452 et
1037 1392 1222 1453 divinationis
1251 1407 1345 1455 meae,

230 1475 350 1538 debebit
367 1476 479 1537 habere
492 1475 580 1537 fidem
598 1483 699 1538 nostra
717 1476 889 1555 praedictio.
919 1476 986 1538 Nou
1001 1476 1090 1553 igitur
1106 1493 1142 1535 er
1163 1474 1240 1534 alitis
1262 1474 1346 1533 iuvo-

228 1559 292 1621 latu
307 1578 363 1621 nec
377 1579 394 1621 e
410 1566 497 1621 cantu
513 1561 632 1622 sinistro
646 1562 768 1630 oscinis,
785 1562 860 1621 utin
876 1566 978 1621 nostra
992 1558 1146 1637 disciplina
1164 1565 1222 1625 est,
1239 1575 1294 1618 nec
1309 1575 1346 1617 ex

228 1644 366 1723 tripudiis
379 1643 539 1705 sollistimis
556 1651 607 1705 aut
620 1646 740 1706 soniviis
754 1645 807 1705 tibi
821 1662 966 1723 augemur,
997 1643 1050 1705 sed
1064 1642 1160 1704 habeo
1176 1640 1230 1703 alia
1252 1641 1344 1717 signa,

230 1746 307 1807 quae
327 1727 497 1798 observem;
520 1746 595 1808 quae
611 1730 666 1790 etsi
680 1745 741 1789 nou
756 1737 825 1791 suut
839 1729 967 1790 certiora
980 1725 1052 1797 illis,
1067 1729 1166 1788 miuus
1179 1733 1278 1787 tamen
1293 1724 1347 1785 ba·

188 1812 208 1877 8
229 1810 302 1873 bent
316 1811 362 1873 vel
376 1810 563 1872 obscuritatis
577 1811 624 1873 vel
639 1814 759 1873 erroris.
804 1813 949 1874 Notantur
963 1818 1060 1874 autem
1075 1810 1148 1871 mihi
1161 1809 1198 1871 ad
1214 1808 1346 1869 divinan-

231 1896 301 1957 dum
317 1895 400 1974 signa
421 1894 531 1973 duplici
550 1896 679 1974 quadarn
695 1897 755 1959 via:
786 1914 912 1975 quarum
943 1895 1066 1957 alteram
1086 1894 1163 1956 duco
1188 1912 1205 1953 e
1222 1892 1347 1953 Caesare

230 1981 310 2058 ipso,
326 1978 448 2039 alteram
459 1997 475 2039 e
485 1986 652 2057 temporum
667 1980 794 2041 civilium
809 1988 914 2042 natura
930 1986 1018 2060 atque
1028 1979 1151 2039 ratione.
1173 1976 1207 2037 lu
1222 1977 1347 2038 Caesare

230 2063 306 2124 haec
322 2070 406 2125 suut:
429 2063 507 2125 mitis
524 2062 713 2144 clemensque
732 2072 854 2133 natura,
884 2064 978 2142 qualis
999 2062 1172 2140 exprimitur
1193 2058 1346 2141 praeclaro

232 2145 284 2207 illo
298 2145 376 2207 libro
392 2146 649 2218 QUERELARUM
663 2156 792 2209 tuarum.
821 2149 955 2217 Accedit,
978 2147 1058 2226 quod
1079 2146 1203 2207 mirifice
1222 2143 1347 2222 ingeniis

145 2297 147 2302 ,
234 2229 457 2300 excellentibus,
481 2228 568 2308 quale
585 2238 630 2294 est
644 2239 743 2303 tuum,
765 2230 936 2296 delectatur.
969 2231 1127 2292 Praeterea
1142 2229 1219 2290 cedit
1239 2226 1347 2289 multo·

206 2356 211 2361 -
234 2333 301 2375 rum
316 2314 401 2376 iustis
416 2319 445 2375 et
458 2315 556 2377 ollicio
572 2317 716 2387 incensis,
732 2335 793 2379 uon
807 2316 945 2378 inanibus
960 2323 1009 2376 aut
1034 2313 1196 2376 ambitiosis
1215 2311 1346 2373 voluuta-

196 2398 216 2459 9
234 2399 327 2467 tibus;
349 2401 454 2478 inquo
470 2400 658 2462 vehementer
678 2420 746 2462 eum
767 2403 953 2463 consentiens
967 2399 1085 2460 Etruria
1105 2397 1244 2459 movebit.
1288 2394 1347 2456 Cur

232 2483 307 2543 haec
322 2484 413 2561 igitur
429 2483 527 2545 adhuc
542 2502 648 2562 parum
664 2486 874 2563 profecerunt?
892 2486 964 2557 Quia
980 2501 1041 2545 non
1054 2489 1139 2562 putat
1157 2500 1189 2543 se
1203 2482 1349 2543 sustinere

269 2703 294 2751 6.
324 2696 504 2780 mouebatur]
520 2717 556 2746 :a
572 2700 662 2754 meine
686 2701 768 2754 Mab-
853 2704 878 2754 8.
896 2697 1350 2769 Notantur—viaJAuchdiese

236 2781 314 2885 Rrssng
337 2766 446 2886 Ἧῃοὴὲο
467 2766 616 2848 Ειηιᾱιιιοῑι
641 2770 693 2888 alul
711 2768 768 2850 ibn.
819 2767 984 2822 Ausdrriclse
996 2766 1217 2887 {wlff-‘¹³⁰
1234 2765 1349 2818 vorbor-

236 2850 411 2981 aeiffsali,
425 2851 767 2985 attulissetis?
819 2836 1349 2985 ailtttttanzl‘tbttttttj

235 2968 769 3093 tntilli?{allambunt
820 2967 1351 3100 ltlslttbtttdttltsltlts

236 3100 687 3237 ttlzltlil‘tltllttbtl
705 3105 768 3224 Ἓξ
819 3105 1087 3238 tsslttdtvdr
1108 3100 1349 3237 ttzrttbtltl

237 3251 273 3287 ee.
284 3263 318 3275 —
328 3236 406 3300 fama
419 3236 568 3305 bonoram]
583 3240 633 3290 der
644 3239 710 3305 Rof
716 3240 768 3291 dei
819 3242 898 3294 Wir:
910 3241 960 3291 wie
971 3239 1035 3300 Dra·
1048 3238 1151 3291 andere
1162 3237 1201 3289 im
1212 3235 1292 3301 Lat„
1305 3251 1351 3286 wo

235 3324 272 3349 =
284 3304 341 3382 das
362 3301 471 3355 Urtbeil
494 3306 543 3355 der
563 3306 717 3359 Patriatea.
737 3334 766 3344 -
820 3325 915 3375 prosse
927 3307 1027 3360 Geniea
1041 3304 1350 3368 nichtheisst:mapaa

236 3370 458 3450 Amphiaraum]
489 3370 539 3424 Aru
561 3373 676 3427 biaraus
689 3373 769 3427 einer
820 3376 947 3442 inperia,
966 3375 1090 3428 soudern
1106 3372 1162 3426 uiri
1180 3371 1290 3438 maenis
1305 3370 1350 3421 ia·

237 3453 293 3489 von
306 3437 361 3489 den
370 3437 468 3490 s1ebeu
478 3389 604 3507 Hellen,
619 3441 666 3496 die
678 3458 769 3511 gegen
821 3443 911 3511 patriis
927 3442 1053 3512 praediti
1067 3460 1095 3495 u.
1108 3442 1133 3494 i.
1147 3458 1171 3493 a.
1185 3440 1217 3491 Β.
1230 3437 1352 3490 Caecina

235 3504 353 3557 Theben
384 3520 498 3572 erogem,
508 3508 661 3574 weissagte
670 3509 769 3562 aeinen
820 3511 937 3565 marein
960 3509 1191 3577 praesentiarum,
1217 3506 1351 3558 Caecinae

237 3573 301 3625 Tod
318 3571 355 3625 im
401 3573 510 3640 ample,
528 3590 563 3627 au
580 3576 642 3628 dem
661 3594 692 3628 er
704 3575 770 3628 ruit·
820 3595 952 3646 mapsam
980 3586 1043 3629 erat
1070 3576 1223 3644 inueniam.
1239 3601 1273 3609 —
1289 3589 1347 3624 con·

237 3637 372 3692 auziehen
389 3655 565 3708 geawungen
582 3643 690 3697 warde.
714 3643 769 3694 Die
820 3646 942 3697 senticae
952 3643 1086 3712 Etruria]
1101 3645 1152 3697 das
1164 3639 1350 3706 einstimmige

237 3708 338 3758 Worte
363 3705 427 3758 siud
450 3707 530 3760 einer
552 3709 697 3776 Trsgddie
727 3709 769 3775 (ia
820 3713 974 3775 materies,
988 3713 1016 3766 d.
1028 3713 1047 3764 i.
1061 3711 1107 3763 die
1116 3707 1288 3774 einstimruig
1296 3722 1352 3758 von

236 3772 355 3840 fabalis)
369 3779 556 3827 autnommen.
840 3796 892 3831 ana
915 3778 995 3843 Etr„
1020 3779 1082 3831 dem
1103 3774 1278 3830 Vatarlaude
1302 3773 1353 3825 des-

272 3845 297 3894 7.
317 3857 412 3907 aupur
427 3842 573 3910 publicas]
592 3843 635 3896 Er
652 3844 769 3910 gehdrte
820 3795 1135 3912 {aerinaseiugelegte
1147 3840 1290 3896 Fdrbitte.

237 3928 299 3964 zum
305 3909 349 3962 Au
371 3908 626 3978 uren-Collegium.
638 3940 669 3951 -
683 3918 770 3965 contu

238 3924 372 4040 ainictu&
386 3975 769 4033 DasGeschreizurLinken
855 3984 882 4033 9.
903 3976 1020 4047 parum]
1046 3996 1083 4031 aa
1095 3978 1195 4044 neate,
1219 3976 1298 4028 uiolet
1309 3991 1352 4041 pc-

238 4061 300 4096 suar
317 4041 410 4095 Glisclr
427 4043 598 4101 bedeuteud,
622 4047 719 4099 Diviu.
732 4048 770 4100 ll.
821 4064 890 4112 nup.
903 4045 1053 4099 -Eodem
1075 4045 1167 4112 fonte]
1195 4043 1279 4096 siml.
1302 4058 1353 4094 aus

239 4115 281 4164 39.
298 4110 377 4161 nabis
387 4110 506 4163 sinistra
515 4113 660 4179 violentur,
670 4114 771 4166 Graiis
823 4115 874 4167 der
887 4113 980 4167 Feder
993 4114 1146 4177 Caecinae,
1161 4111 1211 4164 der
1221 4110 1293 4163 nach
1303 4110 1355 4162 der

237 4176 406 4230 eldardaris
424 4178 523 4229 dextra
536 4180 661 4237 meliora.
823 4181 1029 4249 Beguadigung
1062 4181 1124 4232 sein
1158 4178 1218 4229 Lob
1253 4177 1352 4244 singen
