3000 4650
241 265 284 331 52
663 269 722 326 le.
738 269 757 325 1.
772 269 874 326 trist.
892 271 932 323 18.

240 437 383 516 temporis
394 453 480 497 causa
494 436 751 520 constituerentur,
770 432 861 502 levem
875 433 900 492 si
911 449 991 502 vero,
1001 431 1030 492 id
1042 432 1120 511 quod
1132 433 1171 493 ita
1183 431 1292 494 factum
1302 440 1355 504 est,

241 522 352 582 meritis
368 522 425 582 tuis
441 519 651 588 tribuerentur,
671 517 871 580 existimabam
887 514 1008 577 multam
1026 516 1077 578 tibi
1096 518 1173 577 iniis
1191 516 1356 579 bonoribus

241 605 358 666 tuendis
368 623 490 685 operam
504 620 566 664 esse
578 602 755 682 ponendam.
779 602 877 673 Quare
888 601 1026 678 quoniam
1039 602 1067 660 in
1080 603 1142 660 istis
1153 601 1277 662 urbibus
1288 620 1356 664 cum

242 709 357 751 summo
368 690 493 768 imperio
506 696 534 748 et
547 696 691 766 potestate
700 688 836 754 versaris,
849 686 877 745 in
886 685 992 764 quibus
1002 692 1066 746 tuas
1072 687 1193 746 virtutes
1200 704 1355 747 consecra·

241 784 286 836 tas
302 782 332 834 et
346 775 375 836 in
389 774 511 834 deorum
529 789 651 834 numero
671 770 829 832 collocatas
845 770 941 838 rides,
962 771 992 829 in
1013 769 1151 830 omnibus
1165 769 1265 839 rebus,
1283 788 1357 848 quas

241 866 362 927 statues,
380 876 452 936 quas
464 856 616 927 decernes,
634 873 706 935 quas
719 873 802 934 ages,
814 853 884 933 quid
895 855 983 914 tantis
994 853 1146 914 bominum
1158 854 1355 933 opinionibus,

241 943 329 1004 tantis
341 943 377 1004 de
392 949 420 1002 te
431 942 554 1010 iudiciis,
568 942 656 1002 tantis
668 939 832 1001 bonoribus
845 937 962 1005 debeas,
976 937 1126 1016 cogitabis.
1150 938 1181 998 ld
1192 947 1290 1000 autem
1301 940 1357 999 erit

242 1026 394 1096 eiusmodi,
410 1034 442 1087 ut
454 1024 589 1087 consulas
603 1023 748 1094 omnibns,
764 1031 798 1084 ut
813 1022 951 1084 medeare
973 1022 1168 1083 incommodis
1193 1022 1356 1092 bominum,

241 1110 396 1190 provideas
410 1109 510 1180 saluti,
532 1117 563 1170 ut
582 1116 611 1169 te
632 1115 785 1188 parentem
806 1108 892 1168 Asiae
916 1114 945 1166 et
959 1107 1015 1166 dici
1030 1113 1059 1167 et
1077 1105 1181 1167 baberi
1196 1107 1275 1169 velis.

181 1200 220 1259 32
328 1193 480 1273 llldtque
489 1193 631 1255 huictuae
643 1192 784 1254 voluntati
791 1210 825 1252 ac
837 1190 1001 1269 diligentiae
1009 1189 1209 1252 difficultatem
1219 1209 1355 1269 magnam

242 1282 367 1340 atterunt
382 1278 545 1356 publicani:
563 1276 670 1357 quibus
685 1279 709 1338 si
725 1277 927 1344 adversamur,
943 1275 1078 1336 ordinem
1094 1274 1132 1336 dc
1148 1275 1232 1336 nobis
1246 1278 1356 1353 optime

241 1363 377 1426 meritum
403 1370 432 1422 et
451 1381 505 1442 per
524 1379 579 1422 nos
601 1380 668 1421 cum
689 1379 721 1420 re
744 1359 861 1441 publica
882 1360 1071 1420 coniunctum
1092 1368 1121 1419 et
1144 1378 1159 1420 a
1182 1359 1267 1421 nobis
1288 1367 1316 1419 et
1338 1378 1355 1418 a

241 1466 275 1508 re
303 1445 419 1525 publica
444 1447 644 1524 diiungemus;
666 1447 710 1505 sin
729 1452 827 1506 autem
841 1442 978 1504 omnibns
992 1446 1025 1503 in
1041 1443 1131 1505 rebus
1146 1443 1354 1523 obsequemur,

242 1531 372 1592 funditus
387 1549 438 1592 eos
452 1531 551 1609 perire
565 1531 726 1608 patiemur,
749 1546 876 1609 quorum
900 1546 958 1588 non
980 1528 1068 1588 modo
1088 1527 1176 1590 saluti
1194 1528 1247 1588 sed
1267 1529 1355 1589 etiam

242 1615 403 1676 commodis
418 1612 574 1676 consulere
591 1613 741 1676 debemus.
768 1612 846 1674 llaec
861 1620 905 1674 est
922 1630 989 1682 una,
1006 1613 1031 1672 si
1046 1631 1113 1674 vere
1128 1614 1257 1690 cogitare
1274 1611 1355 1674 volu·

241 1718 315 1771 mus,
335 1701 365 1760 in
381 1707 442 1760 toto
457 1699 581 1778 imperio
597 1707 647 1759 tuo
665 1695 829 1759 difficultas.
869 1697 942 1758 Nam
964 1714 1028 1757 esse
1052 1696 1263 1767 abstinentem,
1284 1714 1355 1757 con·

241 1786 335 1845 tinere
356 1801 458 1844 omnes
482 1782 668 1860 cupiditates,
690 1799 759 1842 suos
782 1787 938 1850 coercere,
959 1782 1031 1842 iuris
1053 1781 1237 1860 aequabilem
1255 1788 1355 1842 tenere

240 1869 393 1936 rationem,
409 1865 525 1928 facilem
541 1884 573 1926 se
587 1868 615 1927 in
631 1865 722 1926 rebus
737 1866 959 1942 cognoscendis,
975 1865 1006 1924 in
1016 1865 1185 1927 bominibus
1200 1864 1356 1927 audiendis

241 1951 485 2029 admittendisque
504 1949 647 2028 praebere
663 1949 850 2029 praeclarum
868 1951 962 2026 magis
976 1957 1021 2011 est
1035 1968 1123 2029 quam
1137 1949 1264 2011 difficile.
1289 1949 1356 2010 Non

242 2043 287 2096 est
301 2038 378 2096 enim
396 2036 524 2113 positum
538 2035 569 2094 in
579 2033 681 2094 labore
700 2033 808 2113 aliquo,
826 2033 879 2094 sed
895 2035 925 2093 iu
943 2034 1069 2111 quadam
1083 2032 1252 2096 inductione
1267 2035 1357 2096 animi

180 2123 219 2184 33
243 2129 271 2181 ct
285 2118 442 2180 voluntate.
477 2118 528 2179 llla
548 2136 635 2179 cansa
655 2115 879 2196 publicanorum
894 2126 1032 2196 quantam
1052 2117 1241 2181 acerbitatem
1254 2119 1357 2179 alterat

242 2205 328 2264 sociis
345 2202 539 2265 intelleximus
557 2221 593 2263 ex
609 2201 735 2271 civibus,
758 2205 809 2280 qui
823 2220 919 2281 nuper
933 2204 963 2262 in
976 2204 1116 2280 portoriis
1131 2202 1228 2264 ltaliae
1250 2202 1354 2264 tollen·

242 2288 285 2350 dis
307 2305 367 2349 non
394 2295 453 2351 tam
476 2286 513 2350 de
541 2289 674 2368 portorio
692 2283 787 2367 :quam
809 2287 846 2347 de
872 2285 1020 2349 nonnullis
1044 2287 1156 2349 iniuriis
1180 2289 1355 2366 portitorum

241 2373 453 2453 querebantur.
485 2370 583 2441 Quare
594 2390 654 2433 non
666 2373 781 2449 ignoro,
795 2371 864 2451 quid
874 2373 961 2433 sociis
971 2372 1085 2433 accidat
1096 2374 1126 2433 in
1137 2371 1247 2435 ultimis
1258 2374 1354 2441 terris,

241 2476 309 2520 cum
324 2458 467 2519 audierim
482 2457 606 2518 initalia
629 2454 765 2535 querelas
786 2457 901 2517 civium.
941 2456 996 2517 llic
1017 2465 1047 2517 te
1067 2458 1105 2517 ita
1127 2459 1251 2527 versari,
1275 2464 1309 2518 ut
1326 2466 1356 2517 et

240 2540 406 2621 publicanis
420 2542 588 2609 satisfacias,
604 2541 779 2617 praesertim
793 2539 920 2617 publicis
933 2539 1010 2603 male
1025 2541 1201 2619 redemptis,
1218 2549 1247 2603 ct
1259 2543 1355 2603 socios

241 2628 340 2704 perire
355 2644 414 2687 non
431 2627 518 2693 sinas,
533 2624 646 2685 divinae
662 2622 813 2683 cuiusdam
824 2626 939 2684 virtutis
952 2643 1016 2685 esse
1028 2626 1148 2695 videtur,
1165 2626 1261 2694 idest,
1276 2634 1354 2687 tuae.

240 2709 282 2769 dc
299 2712 428 2787 primum
441 2710 560 2770 Graecis
571 2708 610 2777 id,
626 2706 705 2787 quod
717 2705 941 2768 acerbissimum
952 2715 1007 2776 est,
1020 2708 1097 2785 quod
1110 2717 1179 2768 sunt
1189 2709 1354 2787 vectigales,

240 2810 300 2853 non
316 2794 355 2853 ita
371 2792 511 2853 acerbum
527 2792 619 2854 videri
635 2791 738 2860 debet,
760 2799 919 2870 propterea
941 2792 1020 2868 quod
1034 2791 1098 2851 sine
1113 2793 1238 2869 imperio
1254 2792 1356 2869 populi

240 2876 365 2939 llomani
380 2878 440 2937 suis
454 2878 594 2939 institutis
608 2894 662 2957 per
677 2875 778 2954 seipsi
797 2876 835 2936 ita
851 2874 979 2937 luerunt.
1014 2874 1128 2937 Nomen
1143 2882 1241 2937 autem
1257 2875 1355 2955 publi-

274 3031 314 3078 31.
334 3034 385 3078 tem
406 3026 463 3078 oris
493 3026 773 3089 S.z.§15.-0on-
823 3024 983 3078 indirecteu
1002 3026 1188 3092 Fragesatces
1213 3026 1356 3079 crscbeint

240 3092 375 3159 secretas]
418 3109 454 3144 an
483 3092 773 3145 enkcdabcianTem·
822 3092 1263 3161 bicralsunabbingigvondcm
1272 3095 1354 3147 Tem-

222 3160 287 3228 ·pel
304 3167 379 3213 etwa
395 3159 509 3212 mittier
521 3158 694 3211 Auiscbriit:
708 3160 773 3212 Pie·
823 3176 877 3228 pus
895 3161 945 3214 des
957 3161 1161 3228 Hauptsatzes.
1194 3162 1235 3213 Es
1252 3162 1355 3214 kommt

227 3226 295 3280 'teti
311 3228 346 3291 Q.
363 3227 510 3279 Ciceronis
528 3228 596 3280 oder
609 3226 718 3279 Virtuti
735 3228 772 3291 Q.
823 3226 901 3280 diosc
918 3228 1112 3297 Abweicbung
1129 3246 1192 3282 rom
1208 3230 1354 3297 sonstigen

232 3293 399 3347 tciceronis.
822 3295 1075 3363 Sprachgcbraucli
1098 3312 1151 3349 nur
1174 3296 1265 3349 sclteu
1284 3296 1354 3349 nacb

273 3361 321 3415 Xl.
337 3378 363 3414 u.
375 3362 441 3415 XII.
458 3360 519 3414 Das
532 3361 773 3428 Verbaltcnchco
824 3362 885 3415 dem
896 3364 975 3418 Peri.
988 3380 1053 3427 ror,
1073 3364 1123 3416 dns
1138 3360 1368 3436 danuPrisens·l

241 3430 520 3496 dicStoatcpeiclttcr.
668 3442 674 3453 ·
823 3429 1153 3498 Bedeutungannimmt:
1170 3432 1369 3500 intelleximus}

273 3501 316 3551 32.
333 3498 422 3564 Atque
430 3497 505 3549 belm
515 3497 700 3565 Ucbcrgauge
710 3512 773 3547 zum
822 3497 974 3550 :ecimus
983 3498 1057 3549 -c‘n
1069 3499 1202 3565 portoriis
1213 3496 1367 3567 tollendicJJ'

241 3565 342 3617 Neuen
360 3564 435 3618 stelit
450 3564 544 3645 biufig
561 3566 631 3617 auch
655 3564 703 3627 da,
727 3581 771 3615 wo
822 3565 892 3629 „Alc
915 3582 943 3617 cr
966 3566 1025 3617 siclt
1048 3582 1095 3617 um
1116 3566 1288 3632 Auflcbcnp
1306 3567 1355 3617 der

240 3630 705 3685 wireinendversanv-Partikei
722 3648 772 3683 an·
821 3631 969 3684 itallsclrcn
999 3634 1078 3684 Zdllc
1103 3632 1263 3685 bondcltc.“
1300 3632 1354 3685 Die

241 3701 369 3753 wanden.
381 3728 414 3737 -
427 3697 585 3765 publicani]
605 3698 654 3751 Sis
671 3698 772 3765 gehdr-
822 3699 989 3752 Halenzt'ille
1006 3700 1053 3751 nir
1071 3699 1145 3751 Ein-
1160 3699 1216 3751 nnd
1229 3700 1353 3752 Ausiubr

242 3774 288 3818 ten
314 3767 396 3819 meist
419 3767 479 3819 dem
504 3765 701 3819 Ritterstaude
726 3782 772 3817 an.
823 3782 920 3819 scaren
953 3783 988 3819 an
1017 3766 1355 3834 Kapitolisten-Gesell·

241 3832 306 3886 Wic
324 3834 364 3886 sie
381 3834 535 3886 verfubren
551 3832 595 3885 zei

241 3899 346 3953 seincm
358 3900 497 3953 consulat
507 3899 584 3953 hatte
597 3849 698 3952 {icero
711 3898 774 3951 eine
824 3899 842 3951 i.
857 3900 883 3951 1.
898 3904 931 3952 60
945 3851 1131 3966 eufgolroben.
1145 3929 1173 3938 -
1187 3901 1306 3969 publicio
1317 3918 1353 3952 m.

240 3966 428 4033 Verbindung
440 3968 489 4020 des
500 3966 711 4019 Rittcrstandes
724 3966 776 4019 mit
822 3966 985 4033 redemptio]
1005 3967 1059 4021 Dic
1075 3970 1188 4035 publico
1204 3986 1245 4020 sc.
1263 3968 1354 4021 vecti·

243 4033 293 4085 der
310 4033 533 4087 senato-Partei
548 4050 583 4086 zu
600 4034 707 4087 Standc
723 4050 772 4101 ge·
822 4032 899 4101 galia
916 4034 1034 4087 worden
1052 4035 1197 4088 dffcntlicb
1215 4036 1352 4104 vcrpecb-

241 4102 356 4165 bracbt,
370 4116 413 4153 um
428 4101 481 4152 den
494 4102 576 4153 Stant
587 4118 621 4153 zu
635 4108 738 4155 rcttcn.
821 4109 878 4167 tet,
892 4102 984 4154 wobci
996 4102 1042 4155 die
1054 4102 1204 4156 Publiceni
1215 4102 1353 4156 znwcilen

276 4173 317 4220 33.
335 4166 431 4233 causa]
444 4168 586 4220 Interesse.
597 4176 773 4237 -quanturu
823 4184 858 4221 zu
877 4169 976 4223 theuer
995 4169 1155 4237 parhteten.
1176 4197 1211 4207 —-
1233 4171 1276 4222 ito
1292 4170 1354 4237 fue-

243 4261 275 4273 ·-
288 4234 489 4301 intelleximuc]
508 4236 564 4289 Das
581 4237 705 4305 Tempus
723 4237 772 4288 des
821 4235 907 4305 runt]
928 4238 976 4290 Sic
995 4255 1090 4291 waren
1113 4238 1213 4303 sebon,
1238 4238 1289 4291 ebe
1312 4239 1371 4293 nie'

617 3840 628 3884 t
644 3835 716 3896 333.
739 3832 772 3882 ln
823 3833 952 3886 scbnitcn
971 3850 1022 3885 ver
1043 3833 1152 3896 ocbtet3
1176 3834 1217 3886 sic
1236 3835 1354 3887 svurdcn
