3000 4650
227 257 269 324 54
647 265 706 320 tiu
722 265 741 320 l.
758 264 860 320 urtsr.
878 268 917 321 te.

227 448 293 492 mae
309 429 481 498 societates;
500 428 578 507 quod
593 429 712 508 quidem
728 429 801 490 mibi
814 429 924 490 idcirco
936 429 1093 490 iucundius
1108 436 1161 499 est,
1173 429 1252 507 quod
1265 431 1343 491 idem

228 515 338 576 iaciunt
354 514 467 577 Graeci.
505 512 628 576 Difficile
643 523 688 575 est
704 522 802 576 autem
819 534 868 584 ea,
884 531 959 592 quae
974 514 1153 584 commodis,
1176 513 1298 575 utilitate
1314 522 1343 574 et

227 617 321 679 prope
342 605 447 659 natura
468 599 580 659 diversa
598 607 680 668 sunt,
703 598 851 661 voluntate
869 600 1058 677 coniungere.
1100 599 1136 660 At
1158 615 1191 659 ea
1213 599 1342 678 quidem,

228 701 304 764 quae
319 701 408 762 supra
427 685 535 764 scripta
551 691 632 753 sunt,
659 701 720 743 uon
732 690 767 744 ut
786 690 816 745 te
844 684 1040 757 instituerem,
1066 684 1171 762 scripsi
1190 717 1228 728 -
1245 701 1344 762 neque

228 771 304 830 enim
319 769 474 846 prudentia
493 774 542 829 tua
560 769 731 848 cuiusquam
746 773 903 847 praecepta
922 767 1069 829 desiderat
1083 802 1140 836 —‚
1168 767 1220 828 sed
1241 787 1291 828 me
1311 770 1342 827 in

227 853 384 914 scribendo
402 853 643 914 commemoratio
661 861 729 914 tuae
743 855 858 914 virtutis
874 851 1042 914 delectarit:
1060 870 1238 931 quamquam
1252 854 1281 913 in
1297 852 1344 912 his

228 938 332 1000 litteris
346 937 462 1016 longior
477 939 527 1006 lui,
543 955 631 1016 quam
646 945 696 998 aut
710 937 814 998 vellem
832 944 881 998 aut
898 956 987 1016 quam
1003 955 1051 998 me
1069 939 1167 1015 putavi
1182 936 1258 998 sore.

168 1029 207 1090 37
314 1023 388 1082 Xlll.
418 1027 512 1082 Unum
527 1028 579 1092 est,
595 1023 673 1101 quod
693 1022 746 1083 tibi
758 1038 813 1100 ego
825 1024 998 1102 praecipere
1009 1039 1068 1081 non
1081 1021 1230 1090 desinam;
1245 1038 1343 1099 neque

227 1115 256 1168 te
273 1109 376 1186 patiar,
393 1113 532 1185 quantum
549 1108 603 1166 erit
613 1109 643 1168 in
655 1125 712 1178 me,
723 1125 791 1168 cum
803 1107 974 1184 exceptione
984 1106 1107 1167 laudari.
1134 1105 1245 1167 Omnes
1255 1108 1342 1175 enim,

212 1195 278 1272 .qui
293 1193 378 1252 istinc
396 1193 529 1259 veniunt,
551 1191 591 1250 ita
612 1192 649 1251 de
669 1197 720 1252 tua
734 1193 850 1261 virtute,
865 1192 1042 1270 integritate,
1058 1190 1239 1252 humanitate
1262 1209 1342 1251 com·

228 1282 408 1344 memorant,
426 1282 459 1334 ut
474 1277 503 1336 in
524 1276 581 1336 tuis
596 1277 718 1336 summis
733 1275 870 1337 laudibus
885 1275 1033 1354 excipiant
1044 1293 1134 1336 uuam
1149 1275 1340 1336 iracundiam.

229 1360 314 1430 Quod
328 1361 430 1420 vitium
447 1377 513 1419 oum
526 1361 557 1419 iu
572 1361 628 1422 hac
645 1362 756 1438 privata
772 1359 998 1438 quotidianaque
1013 1361 1070 1419 vita
1085 1358 1156 1420 levis
1168 1377 1235 1420 esse
1252 1361 1342 1420 annui

230 1453 317 1524 atque
341 1445 449 1505 infirmi
469 1444 597 1516 videtur,
618 1451 682 1504 tum
702 1463 773 1505 vero
790 1443 864 1503 nibil
881 1450 925 1504 est
942 1449 1001 1504 tam
1022 1443 1172 1515 deforme,
1196 1462 1283 1522 quam
1305 1443 1343 1504 ad

228 1547 376 1591 summum
393 1528 549 1606 imperium
570 1531 658 1590 etiam
679 1529 869 1590 acerbitatem
894 1537 1016 1589 naturae
1041 1529 1210 1606 adiungere.
1244 1529 1343 1600 Quare

228 1613 301 1674 illud
317 1631 378 1674 non
394 1615 565 1690 suscipiam,
580 1620 622 1684 ut,
638 1632 714 1693 quae
731 1614 769 1674 de
785 1612 936 1674 iracundia
953 1613 1011 1672 dici
1028 1611 1152 1674 solenta
1167 1612 1342 1674 doctissimis

229 1697 407 1768 hominibus
427 1717 460 1758 ea
475 1714 554 1758 nunc
569 1698 623 1759 tibi
638 1715 797 1777 exponam,
815 1715 882 1759 oum
897 1704 927 1758 et
942 1698 1029 1758 nimis
1045 1695 1152 1772 longus
1170 1713 1234 1757 esse
1249 1694 1342 1756 nolim

229 1789 307 1844 etex
322 1781 481 1842 multorum
498 1783 614 1862 seriptis
629 1800 662 1842 ea
681 1781 767 1842 facile
781 1783 877 1860 possis
891 1797 1087 1858 cognoscere;
1102 1779 1187 1850 illud,
1205 1780 1283 1860 quod
1299 1788 1343 1841 est

229 1865 367 1946 epistolae
385 1866 554 1945 proprium,
569 1874 602 1926 ut
620 1868 659 1936 ie,
676 1867 713 1928 ad
734 1884 822 1945 quem
846 1865 1000 1936 scribitur,
1023 1867 1061 1927 de
1081 1865 1117 1926 iis
1141 1865 1247 1935 rebus,
1269 1884 1343 1945 quas

169 1956 208 2018 38
230 1953 355 2029 ignorat,
372 1951 481 2011 certior
496 1951 554 2019 liat,
571 1950 863 2028 praetermittendum
878 1968 1017 2011 essenon
1037 1956 1119 2030 puto.
1164 1949 1213 2010 Sic
1234 1950 1270 2012 ad
1287 1967 1343 2010 nos

228 2051 331 2096 omnes
352 2033 414 2096 lere
431 2034 581 2096 deferunt:
596 2035 684 2106 nibil,
705 2054 773 2096 cum
795 2034 871 2095 absit
885 2035 1052 2107 iracundia,
1076 2036 1174 2096 dicere
1188 2034 1297 2104 solent,
1313 2041 1343 2095 te

228 2119 293 2181 fieri
307 2136 394 2198 posse
409 2118 575 2191 iucundius
593 2119 644 2182 sed
663 2139 729 2182 cum
745 2126 773 2181 te
792 2117 914 2181 alicuius
924 2119 1096 2198 improbitas
1107 2119 1342 2199 perversitasque

228 2205 431 2275 commoverit,
450 2204 491 2264 sic
505 2210 534 2264 te
550 2205 647 2283 animo
663 2205 794 2275 incitari,
816 2209 850 2264 ut
870 2204 906 2265 ab
928 2203 1066 2264 omnibus
1089 2212 1139 2265 tua
1158 2204 1342 2264 desideretur

221 2288 403 2351 humanitas.
429 2287 545 2361 Quare,
568 2292 706 2369 quoniam
725 2292 755 2351 in
779 2307 843 2351 eam
861 2290 1006 2351 rationem
1026 2289 1102 2350 vitae
1122 2307 1177 2351 nos
1197 2307 1257 2350 nou
1281 2296 1341 2351 tam

228 2374 370 2453 cupiditas
387 2374 529 2453 quaedam
546 2374 657 2453 gloriae
680 2394 767 2455 qnam
787 2392 838 2436 res
858 2376 920 2453 ipsa
947 2393 982 2435 ac
1008 2374 1125 2436 lortuua
1150 2374 1285 2445 deduxit,
1310 2380 1343 2434 ut

226 2460 424 2537 sempiternus
441 2477 538 2519 sermo
554 2460 707 2521 bominum
723 2460 760 2521 de
775 2458 862 2519 nobis
876 2460 994 2520 futurus
1008 2460 1056 2529 sit,
1071 2476 1234 2534 caveamus,
1249 2476 1340 2538 quan·

226 2552 288 2605 tum
302 2543 419 2604 efficere
434 2550 464 2604 et
480 2546 620 2623 consequi
635 2562 808 2623 possumus,
831 2551 863 2605 ut
877 2561 915 2604 ue
929 2544 1009 2624 quod
1022 2546 1053 2605 iu
1067 2544 1154 2605 nobis
1172 2544 1287 2620 insigne
1301 2545 1342 2603 vi-

225 2630 298 2689 tium
317 2629 403 2688 luisse
420 2628 541 2688 dicatur.
577 2628 679 2706 Neque
696 2646 751 2706 ego
766 2646 845 2688 nunc
859 2627 916 2687 boe
932 2629 1094 2698 contendo,
1117 2628 1195 2707 quod
1216 2629 1341 2689 fortasse

226 2730 293 2773 cum
308 2713 338 2771 in
356 2713 436 2771 omni
453 2718 573 2781 natura,
589 2717 651 2773 tum
667 2715 723 2773 iam
739 2714 770 2773 in
788 2718 888 2773 nostra
907 2718 1002 2774 aetate
1017 2712 1135 2773 difficile
1149 2720 1209 2782 est,
1226 2717 1341 2773 mutare

225 2798 354 2856 animum
373 2803 410 2864 et,
427 2796 536 2875 siquid
558 2803 601 2857 est
617 2799 734 2876 penitus
746 2798 867 2857 insitum
880 2795 1028 2866 moribus,
1045 2798 1075 2856 id
1090 2797 1186 2857 subito
1200 2796 1340 2866 evellere;

225 2880 276 2943 sed
294 2886 324 2939 te
342 2879 413 2941 illud
426 2880 579 2950 admoneo,
598 2889 645 2953 ut,
660 2883 684 2941 si
703 2881 761 2941 boo
775 2881 861 2959 plene
876 2883 967 2941 vitare
981 2898 1041 2941 nou
1060 2890 1159 2959 potes,
1176 2880 1254 2959 quod
1273 2888 1341 2941 ante

225 2971 386 3041 occupatur
397 2967 511 3025 animus
526 2965 562 3025 ab
575 2966 735 3035 iracundia,
750 2984 837 3044 quam
854 2964 1012 3044 providere
1025 2967 1101 3025 ratio
1114 2966 1217 3042 potuit,
1235 2982 1273 3024 ue
1289 2983 1339 3025 oc·

225 3055 397 3126 cuparetur,
420 3055 452 3108 ut
467 3054 496 3109 te
510 3056 578 3110 ante
603 3066 757 3127 compares
783 3050 972 3129 quotidieque
987 3050 1128 3110 meditere
1143 3048 1339 3110 resistendum

226 3150 290 3192 esse
305 3130 490 3201 iracundiae;
510 3151 634 3213 cumque
651 3152 684 3193 ea
700 3136 827 3195 maxime
841 3135 970 3194 animum
985 3141 1111 3204 moveat,
1127 3140 1188 3193 tum
1204 3133 1258 3193 tibi
1273 3151 1339 3196 esse

225 3215 447 3293 diligentissime
465 3215 595 3295 linguam
618 3219 841 3287 continendam;
865 3236 940 3298 quae
958 3217 1078 3297 quidem
1094 3218 1166 3279 mibi
1181 3218 1273 3279 virtus
1294 3219 1340 3279 in·

227 3300 343 3362 tardum
361 3319 420 3360 nou
436 3302 532 3362 minor
547 3303 663 3364 videtur
678 3322 766 3383 quam
783 3303 902 3364 omnino
918 3320 978 3364 non
994 3304 1089 3365 irasci.
1112 3304 1188 3365 Nam
1204 3302 1278 3365 illud
1296 3311 1340 3366 est

256 3434 754 3503 36.soce'etatee]Gesellscbcfteuvon
840 3442 882 3490 38.
901 3444 935 3488 ιιι
945 3436 994 3505 ne]
1010 3438 1089 3490 seete
1105 3455 1140 3489 ne
1152 3437 1181 3489 iu
1193 3437 1339 3490 Absiebts-

222 3505 466 3573 Staatspb'chteru.
479 3532 513 3541 -
522 3522 634 3573 quae-
644 3506 756 3557 diuersa
806 3505 902 3559 sdtzeu
915 3506 1071 3558 stebtaueh
1082 3512 1170 3570 utne,
1183 3506 1338 3557 besonders

222 3572 306 3639 eunt]
326 3572 411 3624 ndml.
429 3572 474 3625 die
491 3572 562 3624 socii
575 3574 631 3624 und
645 3574 690 3625 die
702 3590 757 3643 pn·
806 3590 876 3641 geru
893 3580 927 3625 ιιι
942 3590 976 3625 ne
993 3575 1073 3641 quid,
1091 3582 1125 3625 ιιι
1140 3574 1260 3640 nequod
1273 3589 1298 3624 ιι.
1312 3589 1337 3625 e.

221 3640 336 3694 blicani.
354 3669 385 3677 -
404 3641 497 3692 uellem
520 3668 553 3677 -
573 3640 687 3707 putavi]
705 3642 754 3693 lcle
806 3641 865 3693 Ate.
883 3641 935 3692 ΙΙΙ.
954 3645 994 3695 10,
1012 3647 1083 3694 extr.
1120 3640 1165 3691 Τιι
1184 3676 1192 3691 .
1212 3657 1339 3707 ..quam

221 3709 311 3759 mollte
325 3708 393 3760 oder
404 3708 480 3760 britte
488 3709 596 3773 gewollt
605 3708 693 3761 heiset
703 3708 754 3762 tat.
803 3709 935 3775 plurimis
947 3711 981 3760 de
992 3710 1074 3760 rebus
1086 3710 1123 3759 ad
1134 3725 1175 3758 me
1183 3707 1339 3759 velimecri·

222 3776 327 3836 vellem,
341 3776 385 3827 iet
397 3776 474 3828 edite
486 3776 628 3842 captante,
642 3777 754 3843 putaui.
805 3778 868 3841 bae,
886 3783 924 3828 ιιι
938 3794 1056 3844 proretae
1072 3792 1112 3826 ne
1127 3776 1196 3843 quid
1208 3776 1337 3841 ignorem.

585 3894 591 3907 ,
806 3872 838 3881 —
855 3845 886 3893 in
902 3851 1001 3895 nostra
1019 3844 1123 3909 aetate]
1141 3842 1265 3905 Quintus
1279 3859 1338 3894 war

254 3892 333 3945 ΧῘῙῙ·
353 3892 553 3961 Ermahstuntle
567 3895 625 3945 ⁸²⁰¹*
635 3911 685 3945 '’⁰''
694 3895 754 3945 ‘3⁶²¹'
803 3915 837 3961 42
850 3910 867 3962 J
869 3911 935 3962 abre
947 3910 997 3963 alt,
1010 3940 1042 3947 —
1054 3917 1087 3962 ιιι
1098 3910 1141 3977 te]
1152 3917 1185 3962 ιιι
1197 3910 1266 3963 uacb
1276 3910 1336 3962 dem

220 3961 500 4015 Jadwmzu'lulssn·
553 4030 559 4043 ,
805 3977 1032 4030 Zwiscbeusetae
1055 3977 1231 4030 wiederbolt.
1255 4004 1288 4014 ·-
1311 3984 1338 4029 te

255 4033 295 4081 3⁷·
309 4028 571 4096 '‘elue-laudan]
583 4028 753 4096 mmm)
805 4053 871 4097 ante
889 4044 992 4114 comp]
1009 4067 1044 4092 ==
1060 4046 1164 4097 verber
1183 4045 1229 4097 die
1246 4044 1337 4097 nothi-

221 4110 547 4179 iclewillniebtdulden,
566 4113 754 4167 danemarcia
804 4130 859 4181 gen
887 4113 1207 4181 Vorsiebtemaesregeln
1238 4112 1337 4167 triffst.

220 4178 752 4233 DeinemLobeeineAnenalrmemcelre.
803 4210 835 4217 -
848 4182 937 4251 illud]
955 4182 981 4236 d.
998 4182 1016 4236 i.
1034 4181 1196 4249 fiberbeupt
1212 4180 1290 4234 nicbt
1306 4180 1336 4233 in

220 4275 253 4283 ·-
265 4264 326 4305 curn
338 4276 370 4285 —
382 4246 455 4315 tum]
472 4265 550 4299 wenna
562 4278 594 4287 —
607 4267 645 4304 so.
803 4250 879 4304 Zoru
892 4266 926 4301 zu
939 4250 1083 4322 geretbeu.
