<?xml version="1.0" encoding="UTF-8"?>
<!DOCTYPE html PUBLIC "-//W3C//DTD XHTML 1.0 Transitional//EN"
    "http://www.w3.org/TR/xhtml1/DTD/xhtml1-transitional.dtd">
<html xmlns="http://www.w3.org/1999/xhtml" xml:lang="en" lang="en">
 <head>
  <title>
</title>
<meta http-equiv="Content-Type" content="text/html;charset=utf-8" />
  <meta name='ocr-system' content='tesseract 3.04.00' />
  <meta name='ocr-capabilities' content='ocr_page ocr_carea ocr_par ocr_line ocrx_word'/>
</head>
<body>
  <div class='ocr_page' id='page_1' title='image "ausgewhltebrief00freygoog_0147.png"; bbox 0 0 3000 4650; ppageno 0'>
   <div class='ocr_carea' id='block_1_1' title="bbox 536 259 1280 371">
    <p class='ocr_par' dir='ltr' id='par_1_1' title="bbox 536 259 1280 371">
     <span class='ocr_line' id='line_1_1' title="bbox 536 259 1280 371; baseline 0.008 -13"><span class='ocrx_word' id='word_1_1' title='bbox 536 301 570 358; x_wconf 90' lang='lat' dir='ltr'>u.</span> <span class='ocrx_word' id='word_1_2' title='bbox 587 259 770 371; x_wconf 76' lang='lat' dir='ltr'>reaumaus</span> <span class='ocrx_word' id='word_1_3' title='bbox 784 285 901 360; x_wconf 77' lang='lat' dir='ltr'>vanno.</span> <span class='ocrx_word' id='word_1_4' title='bbox 972 323 974 330; x_wconf 69' lang='lat'><em>,</em></span> <span class='ocrx_word' id='word_1_5' title='bbox 1216 299 1280 365; x_wconf 76' lang='lat' dir='ltr'>ree·</span> 
     </span>
    </p>
   </div>
   <div class='ocr_carea' id='block_1_2' title="bbox 159 439 1276 630">
    <p class='ocr_par' dir='ltr' id='par_1_2' title="bbox 159 439 1276 630">
     <span class='ocr_line' id='line_1_2' title="bbox 159 439 1276 544; baseline 0.005 -18"><span class='ocrx_word' id='word_1_6' title='bbox 159 466 240 527; x_wconf 91' lang='lat' dir='ltr'>domi</span> <span class='ocrx_word' id='word_1_7' title='bbox 254 472 431 534; x_wconf 70' lang='lat' dir='ltr'>nascentum·</span> <span class='ocrx_word' id='word_1_8' title='bbox 447 455 554 544; x_wconf 69' lang='grc' dir='ltr'>γλαῦκ’</span> <span class='ocrx_word' id='word_1_9' title='bbox 571 463 615 536; x_wconf 76' lang='grc' dir='ltr'>εἰς</span> <span class='ocrx_word' id='word_1_10' title='bbox 630 458 785 542; x_wconf 57' lang='lat' dir='ltr'>bidburg?</span> <span class='ocrx_word' id='word_1_11' title='bbox 812 439 893 541; x_wconf 60' lang='lat' dir='ltr'>xllibll</span> <span class='ocrx_word' id='word_1_12' title='bbox 905 465 1032 536; x_wconf 90' lang='lat' dir='ltr'>scillcet,</span> <span class='ocrx_word' id='word_1_13' title='bbox 1051 469 1107 530; x_wconf 90' lang='lat' dir='ltr'>nisi</span> <span class='ocrx_word' id='word_1_14' title='bbox 1122 471 1276 532; x_wconf 87' lang='lat' dir='ltr'>utrescri·</span> 
     </span>
     <span class='ocr_line' id='line_1_3' title="bbox 159 549 958 630; baseline 0 -20"><span class='ocrx_word' id='word_1_15' title='bbox 159 549 248 612; x_wconf 80' lang='lat' dir='ltr'>bores</span> <span class='ocrx_word' id='word_1_16' title='bbox 264 549 449 630; x_wconf 67' lang='lat' dir='ltr'>aliquidne</span> <span class='ocrx_word' id='word_1_17' title='bbox 463 557 658 629; x_wconf 85' lang='lat' dir='ltr'>exspectares.</span> <span class='ocrx_word' id='word_1_18' title='bbox 688 549 842 629; x_wconf 74' lang='lat' dir='ltr'>sicigitur</span> <span class='ocrx_word' id='word_1_19' title='bbox 858 551 958 612; x_wconf 84' lang='lat' dir='ltr'>iacies.</span> 
     </span>
    </p>
   </div>
   <div class='ocr_carea' id='block_1_3' title="bbox 555 713 876 936">
    <p class='ocr_par' dir='ltr' id='par_1_3' title="bbox 555 713 876 936">
     <span class='ocr_line' id='line_1_4' title="bbox 555 713 876 781; baseline -0.006 -1"><span class='ocrx_word' id='word_1_20' title='bbox 555 715 736 781; x_wconf 82' lang='lat' dir='ltr'>Errsronn</span> <span class='ocrx_word' id='word_1_21' title='bbox 758 713 876 779; x_wconf 89' lang='lat' dir='ltr'>XIIII.</span> 
     </span>
     <span class='ocr_line' id='line_1_5' title="bbox 570 837 861 936; baseline 0 -40"><span class='ocrx_word' id='word_1_22' title='bbox 570 837 686 897; x_wconf 81' lang='lat' dir='ltr'>CICERO</span> <span class='ocrx_word' id='word_1_23' title='bbox 707 837 861 936; x_wconf 72' lang='lat' dir='ltr'>vinnom.</span> 
     </span>
    </p>
   </div>
   <div class='ocr_carea' id='block_1_4' title="bbox 74 969 1416 2055">
    <p class='ocr_par' dir='ltr' id='par_1_4' title="bbox 74 969 1391 1973">
     <span class='ocr_line' id='line_1_6' title="bbox 217 969 1391 1070; baseline 0.003 -39"><span class='ocrx_word' id='word_1_24' title='bbox 217 969 384 1070; x_wconf 51' lang='lat' dir='ltr'>pCaninius</span> <span class='ocrx_word' id='word_1_25' title='bbox 397 978 467 1032; x_wconf 90' lang='lat' dir='ltr'>tuus</span> <span class='ocrx_word' id='word_1_26' title='bbox 481 970 561 1031; x_wconf 91' lang='lat' dir='ltr'>idem</span> <span class='ocrx_word' id='word_1_27' title='bbox 576 978 606 1030; x_wconf 88' lang='lat' dir='ltr'>et</span> <span class='ocrx_word' id='word_1_28' title='bbox 626 969 706 1030; x_wconf 90' lang='lat' dir='ltr'>idem</span> <span class='ocrx_word' id='word_1_29' title='bbox 724 977 843 1040; x_wconf 89' lang='lat' dir='ltr'>noster,</span> <span class='ocrx_word' id='word_1_30' title='bbox 869 987 937 1030; x_wconf 83' lang='lat' dir='ltr'>cunt</span> <span class='ocrx_word' id='word_1_31' title='bbox 964 971 1000 1031; x_wconf 93' lang='lat' dir='ltr'>ad</span> <span class='ocrx_word' id='word_1_32' title='bbox 1030 989 1078 1032; x_wconf 89' lang='lat' dir='ltr'>me</span> <span class='ocrx_word' id='word_1_33' title='bbox 1107 975 1278 1052; x_wconf 75' lang='lat' dir='ltr'>pervesperi</span> <span class='ocrx_word' id='word_1_34' title='bbox 1303 971 1320 1034; x_wconf 90' lang='lat'>1</span> <span class='ocrx_word' id='word_1_35' title='bbox 1388 1013 1391 1019; x_wconf 68' lang='lat'>,</span> 
     </span>
     <span class='ocr_line' id='line_1_7' title="bbox 74 1053 1277 1134; baseline 0.004 -21"><span class='ocrx_word' id='word_1_36' title='bbox 74 1071 87 1085; x_wconf 65' lang='lat'>⁸</span> <span class='ocrx_word' id='word_1_37' title='bbox 159 1061 333 1117; x_wconf 84' lang='lat' dir='ltr'>vemssetet</span> <span class='ocrx_word' id='word_1_38' title='bbox 347 1072 379 1114; x_wconf 92' lang='lat' dir='ltr'>se</span> <span class='ocrx_word' id='word_1_39' title='bbox 395 1055 539 1134; x_wconf 81' lang='lat' dir='ltr'>postridie</span> <span class='ocrx_word' id='word_1_40' title='bbox 557 1071 644 1114; x_wconf 89' lang='lat' dir='ltr'>mane</span> <span class='ocrx_word' id='word_1_41' title='bbox 658 1054 696 1114; x_wconf 92' lang='lat' dir='ltr'>ad</span> <span class='ocrx_word' id='word_1_42' title='bbox 709 1060 739 1115; x_wconf 92' lang='lat' dir='ltr'>te</span> <span class='ocrx_word' id='word_1_43' title='bbox 754 1053 866 1114; x_wconf 85' lang='lat' dir='ltr'>iturum</span> <span class='ocrx_word' id='word_1_44' title='bbox 881 1069 945 1114; x_wconf 88' lang='lat' dir='ltr'>esse</span> <span class='ocrx_word' id='word_1_45' title='bbox 961 1055 1096 1125; x_wconf 77' lang='lat' dir='ltr'>dixisset,</span> <span class='ocrx_word' id='word_1_46' title='bbox 1113 1055 1173 1116; x_wconf 83' lang='lat' dir='ltr'>dixi</span> <span class='ocrx_word' id='word_1_47' title='bbox 1187 1058 1214 1117; x_wconf 90' lang='lat' dir='ltr'>ei</span> <span class='ocrx_word' id='word_1_48' title='bbox 1229 1076 1277 1118; x_wconf 89' lang='lat' dir='ltr'>me</span> 
     </span>
     <span class='ocr_line' id='line_1_8' title="bbox 159 1136 1276 1218; baseline 0.004 -20"><span class='ocrx_word' id='word_1_49' title='bbox 159 1138 297 1198; x_wconf 87' lang='lat' dir='ltr'>daturum</span> <span class='ocrx_word' id='word_1_50' title='bbox 328 1136 455 1216; x_wconf 85' lang='lat' dir='ltr'>aliqoid;</span> <span class='ocrx_word' id='word_1_51' title='bbox 484 1155 572 1199; x_wconf 92' lang='lat' dir='ltr'>mane</span> <span class='ocrx_word' id='word_1_52' title='bbox 586 1144 621 1199; x_wconf 92' lang='lat' dir='ltr'>ut</span> <span class='ocrx_word' id='word_1_53' title='bbox 640 1144 771 1216; x_wconf 88' lang='lat' dir='ltr'>peteret,</span> <span class='ocrx_word' id='word_1_54' title='bbox 794 1139 904 1215; x_wconf 84' lang='lat' dir='ltr'>rogavi.</span> <span class='ocrx_word' id='word_1_55' title='bbox 934 1137 1101 1218; x_wconf 82' lang='lat' dir='ltr'>Conscripsi</span> <span class='ocrx_word' id='word_1_56' title='bbox 1123 1139 1276 1218; x_wconf 78' lang='lat' dir='ltr'>epistolem</span> 
     </span>
     <span class='ocr_line' id='line_1_9' title="bbox 157 1220 1298 1303; baseline 0.002 -21"><span class='ocrx_word' id='word_1_57' title='bbox 157 1230 263 1290; x_wconf 90' lang='lat' dir='ltr'>noctu;</span> <span class='ocrx_word' id='word_1_58' title='bbox 281 1238 336 1281; x_wconf 89' lang='lat' dir='ltr'>nec</span> <span class='ocrx_word' id='word_1_59' title='bbox 351 1221 400 1282; x_wconf 93' lang='lat' dir='ltr'>ille</span> <span class='ocrx_word' id='word_1_60' title='bbox 412 1222 449 1282; x_wconf 90' lang='lat' dir='ltr'>ad</span> <span class='ocrx_word' id='word_1_61' title='bbox 466 1239 515 1283; x_wconf 90' lang='lat' dir='ltr'>me</span> <span class='ocrx_word' id='word_1_62' title='bbox 529 1221 632 1291; x_wconf 88' lang='lat' dir='ltr'>rediit;</span> <span class='ocrx_word' id='word_1_63' title='bbox 646 1220 770 1282; x_wconf 90' lang='lat' dir='ltr'>oblitum</span> <span class='ocrx_word' id='word_1_64' title='bbox 789 1221 909 1282; x_wconf 90' lang='lat' dir='ltr'>credidi.</span> <span class='ocrx_word' id='word_1_65' title='bbox 928 1223 971 1282; x_wconf 81' lang='lat' dir='ltr'>Ao</span> <span class='ocrx_word' id='word_1_66' title='bbox 984 1228 1082 1283; x_wconf 88' lang='lat' dir='ltr'>tamen</span> <span class='ocrx_word' id='word_1_67' title='bbox 1102 1241 1167 1285; x_wconf 91' lang='lat' dir='ltr'>eam</span> <span class='ocrx_word' id='word_1_68' title='bbox 1181 1225 1275 1303; x_wconf 80' lang='lat' dir='ltr'>ipsam</span> <span class='ocrx_word' id='word_1_69' title='bbox 1296 1294 1298 1302; x_wconf 33' lang='grc' dir='ltr'>Ι</span> 
     </span>
     <span class='ocr_line' id='line_1_10' title="bbox 158 1303 1298 1386; baseline 0.001 -20"><span class='ocrx_word' id='word_1_70' title='bbox 158 1305 213 1366; x_wconf 88' lang='lat' dir='ltr'>tibi</span> <span class='ocrx_word' id='word_1_71' title='bbox 228 1303 382 1382; x_wconf 88' lang='lat' dir='ltr'>epistolam</span> <span class='ocrx_word' id='word_1_72' title='bbox 395 1307 543 1367; x_wconf 89' lang='lat' dir='ltr'>misissem</span> <span class='ocrx_word' id='word_1_73' title='bbox 560 1323 616 1384; x_wconf 92' lang='lat' dir='ltr'>per</span> <span class='ocrx_word' id='word_1_74' title='bbox 635 1325 737 1376; x_wconf 87' lang='lat' dir='ltr'>meos,</span> <span class='ocrx_word' id='word_1_75' title='bbox 761 1307 817 1366; x_wconf 91' lang='lat' dir='ltr'>nisi</span> <span class='ocrx_word' id='word_1_76' title='bbox 831 1305 979 1367; x_wconf 83' lang='lat' dir='ltr'>audissem</span> <span class='ocrx_word' id='word_1_77' title='bbox 995 1325 1032 1366; x_wconf 88' lang='lat' dir='ltr'>ex</span> <span class='ocrx_word' id='word_1_78' title='bbox 1048 1307 1152 1368; x_wconf 88' lang='lat' dir='ltr'>eodem</span> <span class='ocrx_word' id='word_1_79' title='bbox 1167 1310 1276 1386; x_wconf 88' lang='lat' dir='ltr'>postri-</span> <span class='ocrx_word' id='word_1_80' title='bbox 1297 1303 1298 1306; x_wconf 68' lang='grc'>’</span> 
     </span>
     <span class='ocr_line' id='line_1_11' title="bbox 158 1388 1276 1471; baseline 0.002 -21"><span class='ocrx_word' id='word_1_81' title='bbox 158 1390 207 1450; x_wconf 94' lang='lat' dir='ltr'>die</span> <span class='ocrx_word' id='word_1_82' title='bbox 221 1395 250 1448; x_wconf 91' lang='lat' dir='ltr'>te</span> <span class='ocrx_word' id='word_1_83' title='bbox 265 1405 352 1451; x_wconf 91' lang='lat' dir='ltr'>mane</span> <span class='ocrx_word' id='word_1_84' title='bbox 366 1408 384 1450; x_wconf 91' lang='lat' dir='ltr'>e</span> <span class='ocrx_word' id='word_1_85' title='bbox 398 1388 565 1450; x_wconf 84' lang='lat' dir='ltr'>Tusculano</span> <span class='ocrx_word' id='word_1_86' title='bbox 580 1391 738 1451; x_wconf 80' lang='lat' dir='ltr'>exiturum.</span> <span class='ocrx_word' id='word_1_87' title='bbox 765 1390 802 1448; x_wconf 83' lang='lat' dir='ltr'>dt</span> <span class='ocrx_word' id='word_1_88' title='bbox 815 1389 868 1450; x_wconf 88' lang='lat' dir='ltr'>tibi</span> <span class='ocrx_word' id='word_1_89' title='bbox 879 1398 1003 1470; x_wconf 90' lang='lat' dir='ltr'>repente</span> <span class='ocrx_word' id='word_1_90' title='bbox 1018 1393 1120 1470; x_wconf 87' lang='lat' dir='ltr'>paucis</span> <span class='ocrx_word' id='word_1_91' title='bbox 1133 1399 1201 1471; x_wconf 89' lang='lat' dir='ltr'>post</span> <span class='ocrx_word' id='word_1_92' title='bbox 1216 1391 1276 1457; x_wconf 87' lang='lat' dir='ltr'>dic·</span> 
     </span>
     <span class='ocr_line' id='line_1_12' title="bbox 157 1473 1276 1552; baseline 0.003 -19"><span class='ocrx_word' id='word_1_93' title='bbox 157 1473 231 1542; x_wconf 87' lang='lat' dir='ltr'>bus,</span> <span class='ocrx_word' id='word_1_94' title='bbox 247 1489 316 1532; x_wconf 87' lang='lat' dir='ltr'>oum</span> <span class='ocrx_word' id='word_1_95' title='bbox 331 1474 455 1535; x_wconf 89' lang='lat' dir='ltr'>minime</span> <span class='ocrx_word' id='word_1_96' title='bbox 468 1480 686 1550; x_wconf 78' lang='lat' dir='ltr'>exspectarem,</span> <span class='ocrx_word' id='word_1_97' title='bbox 704 1475 786 1534; x_wconf 88' lang='lat' dir='ltr'>venit</span> <span class='ocrx_word' id='word_1_98' title='bbox 800 1474 837 1533; x_wconf 91' lang='lat' dir='ltr'>ad</span> <span class='ocrx_word' id='word_1_99' title='bbox 852 1489 900 1534; x_wconf 89' lang='lat' dir='ltr'>me</span> <span class='ocrx_word' id='word_1_100' title='bbox 915 1475 1055 1536; x_wconf 84' lang='lat' dir='ltr'>Caninius</span> <span class='ocrx_word' id='word_1_101' title='bbox 1070 1491 1171 1544; x_wconf 90' lang='lat' dir='ltr'>mane;</span> <span class='ocrx_word' id='word_1_102' title='bbox 1206 1493 1276 1552; x_wconf 91' lang='lat' dir='ltr'>pro·</span> 
     </span>
     <span class='ocr_line' id='line_1_13' title="bbox 158 1555 1276 1638; baseline 0.003 -21"><span class='ocrx_word' id='word_1_103' title='bbox 158 1557 250 1617; x_wconf 82' lang='lat' dir='ltr'>ficisoi</span> <span class='ocrx_word' id='word_1_104' title='bbox 265 1557 303 1616; x_wconf 90' lang='lat' dir='ltr'>ad</span> <span class='ocrx_word' id='word_1_105' title='bbox 316 1562 346 1618; x_wconf 87' lang='lat' dir='ltr'>te</span> <span class='ocrx_word' id='word_1_106' title='bbox 361 1559 458 1618; x_wconf 89' lang='lat' dir='ltr'>statim</span> <span class='ocrx_word' id='word_1_107' title='bbox 474 1557 557 1617; x_wconf 66' lang='lat' dir='ltr'>disin</span> <span class='ocrx_word' id='word_1_108' title='bbox 590 1557 652 1618; x_wconf 88' lang='lat' dir='ltr'>Etsi</span> <span class='ocrx_word' id='word_1_109' title='bbox 676 1565 740 1618; x_wconf 87' lang='lat' dir='ltr'>erat</span> <span class='ocrx_word' id='word_1_110' title='bbox 761 1555 850 1629; x_wconf 72' lang='grc' dir='ltr'><strong><em>ἕωλος</em></strong></span> <span class='ocrx_word' id='word_1_111' title='bbox 865 1555 915 1616; x_wconf 90' lang='lat' dir='ltr'>illa</span> <span class='ocrx_word' id='word_1_112' title='bbox 938 1557 1076 1634; x_wconf 87' lang='lat' dir='ltr'>epistola,</span> <span class='ocrx_word' id='word_1_113' title='bbox 1100 1561 1276 1638; x_wconf 87' lang='lat' dir='ltr'>praesertim</span> 
     </span>
     <span class='ocr_line' id='line_1_14' title="bbox 158 1640 1277 1720; baseline 0.002 -20"><span class='ocrx_word' id='word_1_114' title='bbox 158 1643 248 1700; x_wconf 89' lang='lat' dir='ltr'>tantis</span> <span class='ocrx_word' id='word_1_115' title='bbox 263 1647 365 1719; x_wconf 86' lang='lat' dir='ltr'>postea</span> <span class='ocrx_word' id='word_1_116' title='bbox 380 1643 464 1701; x_wconf 89' lang='lat' dir='ltr'>novis</span> <span class='ocrx_word' id='word_1_117' title='bbox 478 1641 571 1702; x_wconf 86' lang='lat' dir='ltr'>rebus</span> <span class='ocrx_word' id='word_1_118' title='bbox 588 1640 692 1710; x_wconf 87' lang='lat' dir='ltr'>allatis,</span> <span class='ocrx_word' id='word_1_119' title='bbox 709 1648 809 1702; x_wconf 88' lang='lat' dir='ltr'>tamen</span> <span class='ocrx_word' id='word_1_120' title='bbox 825 1641 923 1720; x_wconf 85' lang='lat' dir='ltr'>perire</span> <span class='ocrx_word' id='word_1_121' title='bbox 937 1641 1173 1702; x_wconf 78' lang='lat' dir='ltr'>lucubrationem</span> <span class='ocrx_word' id='word_1_122' title='bbox 1179 1660 1277 1702; x_wconf 89' lang='lat' dir='ltr'>meam</span> 
     </span>
     <span class='ocr_line' id='line_1_15' title="bbox 157 1722 1276 1802; baseline 0 -18"><span class='ocrx_word' id='word_1_123' title='bbox 157 1722 241 1785; x_wconf 89' lang='lat' dir='ltr'>nolui</span> <span class='ocrx_word' id='word_1_124' title='bbox 257 1731 285 1784; x_wconf 89' lang='lat' dir='ltr'>et</span> <span class='ocrx_word' id='word_1_125' title='bbox 301 1743 366 1785; x_wconf 88' lang='lat' dir='ltr'>eam</span> <span class='ocrx_word' id='word_1_126' title='bbox 380 1726 476 1802; x_wconf 88' lang='lat' dir='ltr'>ipsam</span> <span class='ocrx_word' id='word_1_127' title='bbox 492 1724 615 1786; x_wconf 86' lang='lat' dir='ltr'>Caninio</span> <span class='ocrx_word' id='word_1_128' title='bbox 629 1723 716 1794; x_wconf 88' lang='lat' dir='ltr'>dedi;</span> <span class='ocrx_word' id='word_1_129' title='bbox 732 1724 785 1787; x_wconf 90' lang='lat' dir='ltr'>sed</span> <span class='ocrx_word' id='word_1_130' title='bbox 801 1743 869 1786; x_wconf 93' lang='lat' dir='ltr'>cum</span> <span class='ocrx_word' id='word_1_131' title='bbox 885 1744 920 1786; x_wconf 89' lang='lat' dir='ltr'>eo</span> <span class='ocrx_word' id='word_1_132' title='bbox 934 1732 966 1786; x_wconf 89' lang='lat' dir='ltr'>ut</span> <span class='ocrx_word' id='word_1_133' title='bbox 982 1743 1049 1785; x_wconf 90' lang='lat' dir='ltr'>cum</span> <span class='ocrx_word' id='word_1_134' title='bbox 1061 1725 1276 1787; x_wconf 88' lang='lat' dir='ltr'>hominedocto</span> 
     </span>
     <span class='ocr_line' id='line_1_16' title="bbox 159 1807 1276 1890; baseline 0 -20"><span class='ocrx_word' id='word_1_135' title='bbox 159 1815 189 1870; x_wconf 87' lang='lat' dir='ltr'>et</span> <span class='ocrx_word' id='word_1_136' title='bbox 201 1809 245 1869; x_wconf 88' lang='lat' dir='ltr'>tui</span> <span class='ocrx_word' id='word_1_137' title='bbox 259 1811 459 1870; x_wconf 86' lang='lat' dir='ltr'>amantissimo</span> <span class='ocrx_word' id='word_1_138' title='bbox 475 1808 590 1870; x_wconf 88' lang='lat' dir='ltr'>locutus</span> <span class='ocrx_word' id='word_1_139' title='bbox 605 1827 638 1870; x_wconf 88' lang='lat' dir='ltr'>ea</span> <span class='ocrx_word' id='word_1_140' title='bbox 654 1826 734 1878; x_wconf 88' lang='lat' dir='ltr'>sum,</span> <span class='ocrx_word' id='word_1_141' title='bbox 762 1827 838 1886; x_wconf 88' lang='lat' dir='ltr'>quae</span> <span class='ocrx_word' id='word_1_142' title='bbox 850 1807 1009 1890; x_wconf 88' lang='lat' dir='ltr'>pertulisse</span> <span class='ocrx_word' id='word_1_143' title='bbox 1020 1807 1102 1870; x_wconf 85' lang='lat' dir='ltr'>illurn</span> <span class='ocrx_word' id='word_1_144' title='bbox 1120 1809 1157 1870; x_wconf 89' lang='lat' dir='ltr'>ad</span> <span class='ocrx_word' id='word_1_145' title='bbox 1172 1816 1201 1870; x_wconf 89' lang='lat' dir='ltr'>te</span> <span class='ocrx_word' id='word_1_146' title='bbox 1216 1811 1276 1870; x_wconf 84' lang='lat' dir='ltr'>exi·</span> 
     </span>
     <span class='ocr_line' id='line_1_17' title="bbox 158 1889 1321 1973; baseline -0.001 -20"><span class='ocrx_word' id='word_1_147' title='bbox 158 1895 255 1954; x_wconf 86' lang='lat' dir='ltr'>stimo.</span> <span class='ocrx_word' id='word_1_148' title='bbox 279 1892 348 1972; x_wconf 89' lang='lat' dir='ltr'>iji</span> <span class='ocrx_word' id='word_1_149' title='bbox 363 1900 463 1954; x_wconf 89' lang='lat' dir='ltr'>autem</span> <span class='ocrx_word' id='word_1_150' title='bbox 480 1893 560 1953; x_wconf 89' lang='lat' dir='ltr'>idem</span> <span class='ocrx_word' id='word_1_151' title='bbox 576 1891 690 1953; x_wconf 83' lang='lat' dir='ltr'>nonsibi</span> <span class='ocrx_word' id='word_1_152' title='bbox 700 1894 756 1962; x_wconf 89' lang='lat' dir='ltr'>do,</span> <span class='ocrx_word' id='word_1_153' title='bbox 777 1892 854 1973; x_wconf 90' lang='lat' dir='ltr'>quod</span> <span class='ocrx_word' id='word_1_154' title='bbox 868 1893 1003 1955; x_wconf 88' lang='lat' dir='ltr'>mihimet</span> <span class='ocrx_word' id='word_1_155' title='bbox 1017 1894 1089 1973; x_wconf 91' lang='lat' dir='ltr'>ipsi:</span> <span class='ocrx_word' id='word_1_156' title='bbox 1106 1901 1138 1954; x_wconf 96' lang='lat' dir='ltr'>ut</span> <span class='ocrx_word' id='word_1_157' title='bbox 1153 1895 1278 1955; x_wconf 82' lang='lat' dir='ltr'>vitemus</span> <span class='ocrx_word' id='word_1_158' title='bbox 1299 1889 1321 1952; x_wconf 75' lang='lat'><strong>2</strong></span> 
     </span>
    </p>

    <p class='ocr_par' dir='ltr' id='par_1_5' title="bbox 158 1974 1416 2055">
     <span class='ocr_line' id='line_1_18' title="bbox 158 1974 1416 2055; baseline -0.001 -17"><span class='ocrx_word' id='word_1_159' title='bbox 158 1974 261 2038; x_wconf 89' lang='lat' dir='ltr'>oculos</span> <span class='ocrx_word' id='word_1_160' title='bbox 276 1976 446 2046; x_wconf 88' lang='lat' dir='ltr'>bominum,</span> <span class='ocrx_word' id='word_1_161' title='bbox 468 1978 495 2038; x_wconf 89' lang='lat' dir='ltr'>si</span> <span class='ocrx_word' id='word_1_162' title='bbox 509 1975 623 2055; x_wconf 86' lang='lat' dir='ltr'>linguas</span> <span class='ocrx_word' id='word_1_163' title='bbox 637 1978 736 2038; x_wconf 87' lang='lat' dir='ltr'>minus</span> <span class='ocrx_word' id='word_1_164' title='bbox 754 1975 840 2037; x_wconf 90' lang='lat' dir='ltr'>lacile</span> <span class='ocrx_word' id='word_1_165' title='bbox 855 1983 1011 2055; x_wconf 88' lang='lat' dir='ltr'>possimus.</span> <span class='ocrx_word' id='word_1_166' title='bbox 1049 1977 1105 2049; x_wconf 84' lang='lat' dir='ltr'>Qui</span> <span class='ocrx_word' id='word_1_167' title='bbox 1131 1979 1209 2038; x_wconf 91' lang='lat' dir='ltr'>enim</span> <span class='ocrx_word' id='word_1_168' title='bbox 1236 1979 1278 2037; x_wconf 90' lang='lat' dir='ltr'>vi·</span> <span class='ocrx_word' id='word_1_169' title='bbox 1412 1983 1416 1986; x_wconf 83' lang='lat'>&#39;</span> 
     </span>
    </p>
   </div>
   <div class='ocr_carea' id='block_1_5' title="bbox 63 2050 1278 2141">
    <p class='ocr_par' dir='ltr' id='par_1_6' title="bbox 63 2050 1278 2141">
     <span class='ocr_line' id='line_1_19' title="bbox 63 2050 1278 2141; baseline -0.002 -18"><span class='ocrx_word' id='word_1_170' title='bbox 63 2108 72 2123; x_wconf 69' lang='grc'>,</span> <span class='ocrx_word' id='word_1_171' title='bbox 159 2061 253 2121; x_wconf 89' lang='lat' dir='ltr'>ctoria</span> <span class='ocrx_word' id='word_1_172' title='bbox 267 2078 299 2121; x_wconf 90' lang='lat' dir='ltr'>se</span> <span class='ocrx_word' id='word_1_173' title='bbox 314 2061 454 2136; x_wconf 83' lang='lat' dir='ltr'>efferunt,</span> <span class='ocrx_word' id='word_1_174' title='bbox 471 2063 554 2140; x_wconf 86' lang='lat' dir='ltr'>qnasi</span> <span class='ocrx_word' id='word_1_175' title='bbox 570 2061 662 2122; x_wconf 90' lang='lat' dir='ltr'>victos</span> <span class='ocrx_word' id='word_1_176' title='bbox 678 2079 733 2121; x_wconf 90' lang='lat' dir='ltr'>nos</span> <span class='ocrx_word' id='word_1_177' title='bbox 746 2062 915 2130; x_wconf 68' lang='lat' dir='ltr'>intuentum</span> <span class='ocrx_word' id='word_1_178' title='bbox 936 2050 986 2141; x_wconf 77' lang='lat' dir='ltr'>lpui</span> <span class='ocrx_word' id='word_1_179' title='bbox 1004 2068 1102 2122; x_wconf 91' lang='lat' dir='ltr'>autem</span> <span class='ocrx_word' id='word_1_180' title='bbox 1116 2063 1209 2122; x_wconf 88' lang='lat' dir='ltr'>victos</span> <span class='ocrx_word' id='word_1_181' title='bbox 1222 2078 1278 2121; x_wconf 93' lang='lat' dir='ltr'>no·</span> 
     </span>
    </p>
   </div>
   <div class='ocr_carea' id='block_1_6' title="bbox 158 2142 1379 2893">
    <p class='ocr_par' dir='ltr' id='par_1_7' title="bbox 158 2142 1379 2893">
     <span class='ocr_line' id='line_1_20' title="bbox 158 2142 1334 2220; baseline -0.001 -15"><span class='ocrx_word' id='word_1_182' title='bbox 158 2151 236 2205; x_wconf 89' lang='lat' dir='ltr'>stros</span> <span class='ocrx_word' id='word_1_183' title='bbox 258 2142 382 2205; x_wconf 88' lang='lat' dir='ltr'>moleste</span> <span class='ocrx_word' id='word_1_184' title='bbox 408 2144 851 2214; x_wconf 78' lang='lat' dir='ltr'>lerunt‚nosdolentv1vere.</span> <span class='ocrx_word' id='word_1_185' title='bbox 881 2143 1013 2214; x_wconf 85' lang='lat' dir='ltr'>Quaeres</span> <span class='ocrx_word' id='word_1_186' title='bbox 1042 2145 1183 2214; x_wconf 83' lang='lat' dir='ltr'>fortasse,</span> <span class='ocrx_word' id='word_1_187' title='bbox 1212 2163 1276 2220; x_wconf 89' lang='lat' dir='ltr'>cur,</span> <span class='ocrx_word' id='word_1_188' title='bbox 1325 2175 1334 2188; x_wconf 45' lang='lat' dir='ltr'>x</span> 
     </span>
     <span class='ocr_line' id='line_1_21' title="bbox 158 2223 1296 2308; baseline 0.001 -19"><span class='ocrx_word' id='word_1_189' title='bbox 158 2245 228 2289; x_wconf 91' lang='lat' dir='ltr'>cnm</span> <span class='ocrx_word' id='word_1_190' title='bbox 238 2227 313 2288; x_wconf 87' lang='lat' dir='ltr'>haec</span> <span class='ocrx_word' id='word_1_191' title='bbox 324 2229 357 2286; x_wconf 91' lang='lat' dir='ltr'>in</span> <span class='ocrx_word' id='word_1_192' title='bbox 371 2227 445 2288; x_wconf 90' lang='lat' dir='ltr'>urbe</span> <span class='ocrx_word' id='word_1_193' title='bbox 456 2229 524 2299; x_wconf 88' lang='lat' dir='ltr'>sint,</span> <span class='ocrx_word' id='word_1_194' title='bbox 539 2245 600 2288; x_wconf 91' lang='lat' dir='ltr'>non</span> <span class='ocrx_word' id='word_1_195' title='bbox 611 2227 716 2298; x_wconf 90' lang='lat' dir='ltr'>absim,</span> <span class='ocrx_word' id='word_1_196' title='bbox 730 2228 980 2308; x_wconf 85' lang='lat' dir='ltr'>quemadmodum</span> <span class='ocrx_word' id='word_1_197' title='bbox 995 2237 1036 2289; x_wconf 89' lang='lat' dir='ltr'>tu.</span> <span class='ocrx_word' id='word_1_198' title='bbox 1059 2229 1104 2290; x_wconf 90' lang='lat' dir='ltr'>Tu</span> <span class='ocrx_word' id='word_1_199' title='bbox 1116 2229 1192 2289; x_wconf 92' lang='lat' dir='ltr'>enim</span> <span class='ocrx_word' id='word_1_200' title='bbox 1203 2231 1278 2306; x_wconf 89' lang='lat' dir='ltr'>ipse,</span> <span class='ocrx_word' id='word_1_201' title='bbox 1293 2223 1296 2232; x_wconf 75' lang='grc'><em>’</em></span> 
     </span>
     <span class='ocr_line' id='line_1_22' title="bbox 159 2309 1276 2389; baseline 0.002 -18"><span class='ocrx_word' id='word_1_202' title='bbox 159 2313 211 2389; x_wconf 86' lang='lat' dir='ltr'>qui</span> <span class='ocrx_word' id='word_1_203' title='bbox 225 2316 255 2372; x_wconf 92' lang='lat' dir='ltr'>et</span> <span class='ocrx_word' id='word_1_204' title='bbox 269 2329 319 2379; x_wconf 88' lang='lat' dir='ltr'>mc</span> <span class='ocrx_word' id='word_1_205' title='bbox 333 2319 363 2371; x_wconf 91' lang='lat' dir='ltr'>et</span> <span class='ocrx_word' id='word_1_206' title='bbox 376 2309 449 2372; x_wconf 91' lang='lat' dir='ltr'>alios</span> <span class='ocrx_word' id='word_1_207' title='bbox 466 2311 624 2389; x_wconf 89' lang='lat' dir='ltr'>prudentia</span> <span class='ocrx_word' id='word_1_208' title='bbox 638 2313 745 2381; x_wconf 88' lang='lat' dir='ltr'>vincis,</span> <span class='ocrx_word' id='word_1_209' title='bbox 762 2315 875 2383; x_wconf 88' lang='lat' dir='ltr'>omnia,</span> <span class='ocrx_word' id='word_1_210' title='bbox 892 2313 999 2383; x_wconf 88' lang='lat' dir='ltr'>credo,</span> <span class='ocrx_word' id='word_1_211' title='bbox 1018 2313 1128 2383; x_wconf 89' lang='lat' dir='ltr'>vidisti,</span> <span class='ocrx_word' id='word_1_212' title='bbox 1149 2311 1222 2374; x_wconf 90' lang='lat' dir='ltr'>nihil</span> <span class='ocrx_word' id='word_1_213' title='bbox 1246 2319 1276 2373; x_wconf 91' lang='lat' dir='ltr'>te</span> 
     </span>
     <span class='ocr_line' id='line_1_23' title="bbox 160 2393 1379 2485; baseline 0 -30"><span class='ocrx_word' id='word_1_214' title='bbox 160 2396 281 2455; x_wconf 86' lang='lat' dir='ltr'>omnino</span> <span class='ocrx_word' id='word_1_215' title='bbox 297 2394 410 2456; x_wconf 79' lang='lat' dir='ltr'>fefellit.</span> <span class='ocrx_word' id='word_1_216' title='bbox 439 2393 511 2464; x_wconf 86' lang='lat' dir='ltr'>Quis</span> <span class='ocrx_word' id='word_1_217' title='bbox 526 2403 572 2457; x_wconf 91' lang='lat' dir='ltr'>est</span> <span class='ocrx_word' id='word_1_218' title='bbox 584 2401 645 2456; x_wconf 89' lang='lat' dir='ltr'>tam</span> <span class='ocrx_word' id='word_1_219' title='bbox 661 2395 797 2475; x_wconf 75' lang='lat' dir='ltr'>lynceus,</span> <span class='ocrx_word' id='word_1_220' title='bbox 824 2398 875 2475; x_wconf 87' lang='lat' dir='ltr'>qui</span> <span class='ocrx_word' id='word_1_221' title='bbox 895 2398 925 2457; x_wconf 94' lang='lat' dir='ltr'>in</span> <span class='ocrx_word' id='word_1_222' title='bbox 938 2398 1027 2457; x_wconf 89' lang='lat' dir='ltr'>tantis</span> <span class='ocrx_word' id='word_1_223' title='bbox 1050 2394 1277 2459; x_wconf 79' lang='lat' dir='ltr'>tenebris-nihil</span> <span class='ocrx_word' id='word_1_224' title='bbox 1377 2462 1379 2485; x_wconf 49' lang='grc'>1</span> 
     </span>
     <span class='ocr_line' id='line_1_24' title="bbox 159 2478 1321 2559; baseline 0.004 -21"><span class='ocrx_word' id='word_1_225' title='bbox 159 2478 301 2548; x_wconf 89' lang='lat' dir='ltr'>ollendat,</span> <span class='ocrx_word' id='word_1_226' title='bbox 317 2496 461 2557; x_wconf 88' lang='lat' dir='ltr'>nusquam</span> <span class='ocrx_word' id='word_1_227' title='bbox 479 2480 629 2539; x_wconf 72' lang='lat' dir='ltr'>incurratl</span> <span class='ocrx_word' id='word_1_228' title='bbox 651 2480 780 2540; x_wconf 74' lang='lat' dir='ltr'>Aemilii</span> <span class='ocrx_word' id='word_1_229' title='bbox 793 2480 912 2559; x_wconf 86' lang='lat' dir='ltr'>quidem</span> <span class='ocrx_word' id='word_1_230' title='bbox 928 2482 987 2541; x_wconf 86' lang='lat' dir='ltr'>iarn</span> <span class='ocrx_word' id='word_1_231' title='bbox 1007 2481 1123 2559; x_wconf 90' lang='lat' dir='ltr'>pridem</span> <span class='ocrx_word' id='word_1_232' title='bbox 1145 2482 1225 2540; x_wconf 88' lang='lat' dir='ltr'>venit</span> <span class='ocrx_word' id='word_1_233' title='bbox 1246 2482 1277 2540; x_wconf 92' lang='lat' dir='ltr'>in</span> <span class='ocrx_word' id='word_1_234' title='bbox 1299 2478 1321 2543; x_wconf 83' lang='lat'><strong>3</strong></span> 
     </span>
     <span class='ocr_line' id='line_1_25' title="bbox 158 2560 1277 2644; baseline 0.001 -22"><span class='ocrx_word' id='word_1_235' title='bbox 158 2560 416 2623; x_wconf 86' lang='lat' dir='ltr'>montembellum</span> <span class='ocrx_word' id='word_1_236' title='bbox 435 2580 500 2624; x_wconf 90' lang='lat' dir='ltr'>esse</span> <span class='ocrx_word' id='word_1_237' title='bbox 514 2562 614 2639; x_wconf 89' lang='lat' dir='ltr'>aliquo</span> <span class='ocrx_word' id='word_1_238' title='bbox 633 2565 723 2633; x_wconf 85' lang='lat' dir='ltr'>exire,</span> <span class='ocrx_word' id='word_1_239' title='bbox 742 2570 776 2624; x_wconf 93' lang='lat' dir='ltr'>ut</span> <span class='ocrx_word' id='word_1_240' title='bbox 789 2582 839 2633; x_wconf 90' lang='lat' dir='ltr'>ea,</span> <span class='ocrx_word' id='word_1_241' title='bbox 855 2582 931 2644; x_wconf 88' lang='lat' dir='ltr'>quae</span> <span class='ocrx_word' id='word_1_242' title='bbox 947 2564 1110 2641; x_wconf 81' lang='lat' dir='ltr'>agebantur</span> <span class='ocrx_word' id='word_1_243' title='bbox 1125 2564 1174 2625; x_wconf 91' lang='lat' dir='ltr'>bic</span> <span class='ocrx_word' id='word_1_244' title='bbox 1188 2580 1277 2643; x_wconf 90' lang='lat' dir='ltr'>quae·</span> 
     </span>
     <span class='ocr_line' id='line_1_26' title="bbox 159 2644 1276 2725; baseline 0.002 -18"><span class='ocrx_word' id='word_1_245' title='bbox 159 2664 218 2725; x_wconf 78' lang='lat' dir='ltr'>que</span> <span class='ocrx_word' id='word_1_246' title='bbox 236 2644 426 2715; x_wconf 88' lang='lat' dir='ltr'>dicebantur,</span> <span class='ocrx_word' id='word_1_247' title='bbox 441 2664 497 2707; x_wconf 89' lang='lat' dir='ltr'>nec</span> <span class='ocrx_word' id='word_1_248' title='bbox 513 2646 644 2709; x_wconf 86' lang='lat' dir='ltr'>viderem</span> <span class='ocrx_word' id='word_1_249' title='bbox 662 2665 718 2708; x_wconf 92' lang='lat' dir='ltr'>nec</span> <span class='ocrx_word' id='word_1_250' title='bbox 735 2648 879 2709; x_wconf 90' lang='lat' dir='ltr'>audirem.</span> <span class='ocrx_word' id='word_1_251' title='bbox 910 2648 966 2709; x_wconf 89' lang='lat' dir='ltr'>Sed</span> <span class='ocrx_word' id='word_1_252' title='bbox 980 2647 1182 2709; x_wconf 83' lang='lat' dir='ltr'>calumniabar</span> <span class='ocrx_word' id='word_1_253' title='bbox 1197 2650 1276 2725; x_wconf 80' lang='lat' dir='ltr'>ipse:</span> 
     </span>
     <span class='ocr_line' id='line_1_27' title="bbox 158 2728 1277 2810; baseline 0.003 -20"><span class='ocrx_word' id='word_1_254' title='bbox 158 2728 315 2808; x_wconf 88' lang='lat' dir='ltr'>putabam,</span> <span class='ocrx_word' id='word_1_255' title='bbox 331 2731 382 2809; x_wconf 80' lang='lat' dir='ltr'>qui</span> <span class='ocrx_word' id='word_1_256' title='bbox 400 2730 515 2790; x_wconf 89' lang='lat' dir='ltr'>obviam</span> <span class='ocrx_word' id='word_1_257' title='bbox 533 2730 606 2790; x_wconf 91' lang='lat' dir='ltr'>mibi</span> <span class='ocrx_word' id='word_1_258' title='bbox 622 2733 762 2802; x_wconf 87' lang='lat' dir='ltr'>venisset,</span> <span class='ocrx_word' id='word_1_259' title='bbox 794 2738 826 2792; x_wconf 88' lang='lat' dir='ltr'>ut</span> <span class='ocrx_word' id='word_1_260' title='bbox 841 2734 947 2810; x_wconf 83' lang='lat' dir='ltr'>cuique</span> <span class='ocrx_word' id='word_1_261' title='bbox 976 2731 1163 2793; x_wconf 89' lang='lat' dir='ltr'>commodum</span> <span class='ocrx_word' id='word_1_262' title='bbox 1191 2741 1277 2801; x_wconf 85' lang='lat' dir='ltr'>esset,</span> 
     </span>
     <span class='ocr_line' id='line_1_28' title="bbox 158 2813 1278 2893; baseline 0.002 -20"><span class='ocrx_word' id='word_1_263' title='bbox 158 2814 378 2893; x_wconf 82' lang='lat' dir='ltr'>suspicaturum</span> <span class='ocrx_word' id='word_1_264' title='bbox 400 2820 450 2875; x_wconf 91' lang='lat' dir='ltr'>aut</span> <span class='ocrx_word' id='word_1_265' title='bbox 472 2813 636 2883; x_wconf 88' lang='lat' dir='ltr'>dicturum,</span> <span class='ocrx_word' id='word_1_266' title='bbox 660 2816 874 2877; x_wconf 90' lang='lat' dir='ltr'>etiamsinon</span> <span class='ocrx_word' id='word_1_267' title='bbox 895 2816 1107 2893; x_wconf 89' lang='lat' dir='ltr'>suspicaretur:</span> <span class='ocrx_word' id='word_1_268' title='bbox 1138 2816 1205 2876; x_wconf 77' lang='lat' dir='ltr'>‘Hic</span> <span class='ocrx_word' id='word_1_269' title='bbox 1228 2821 1278 2876; x_wconf 87' lang='lat' dir='ltr'>aut</span> 
     </span>
    </p>
   </div>
   <div class='ocr_carea' id='block_1_7' title="bbox 158 2975 1284 3448">
    <p class='ocr_par' dir='ltr' id='par_1_8' title="bbox 158 2975 1284 3448">
     <span class='ocr_line' id='line_1_29' title="bbox 161 2975 1277 3045; baseline 0.002 -16"><span class='ocrx_word' id='word_1_270' title='bbox 161 2979 610 3045; x_wconf 78' lang='lat' dir='ltr'>nen-cuiuedomioaacuntur]</span> <span class='ocrx_word' id='word_1_271' title='bbox 622 2980 691 3031; x_wconf 84' lang='lat' dir='ltr'>‘dem</span> <span class='ocrx_word' id='word_1_272' title='bbox 743 2980 855 3033; x_wconf 76' lang='lat' dir='ltr'>schrift</span> <span class='ocrx_word' id='word_1_273' title='bbox 867 2980 966 3033; x_wconf 76' lang='lat' dir='ltr'>selbot.</span> <span class='ocrx_word' id='word_1_274' title='bbox 993 2979 1094 3032; x_wconf 85' lang='lat' dir='ltr'>Cicero</span> <span class='ocrx_word' id='word_1_275' title='bbox 1107 2975 1204 3032; x_wconf 70' lang='lat' dir='ltr'>v&#39;vollte</span> <span class='ocrx_word' id='word_1_276' title='bbox 1217 2979 1277 3032; x_wconf 86' lang='lat' dir='ltr'>also</span> 
     </span>
     <span class='ocr_line' id='line_1_30' title="bbox 160 3046 1277 3113; baseline 0.002 -16"><span class='ocrx_word' id='word_1_277' title='bbox 160 3047 252 3111; x_wconf 78' lang='lat' dir='ltr'>aeuus</span> <span class='ocrx_word' id='word_1_278' title='bbox 259 3046 481 3111; x_wconf 73' lang='lat' dir='ltr'>eiqeocmBoden</span> <span class='ocrx_word' id='word_1_279' title='bbox 492 3046 691 3099; x_wconf 62' lang='lat' dir='ltr'>eumdem.-</span> <span class='ocrx_word' id='word_1_280' title='bbox 743 3046 832 3113; x_wconf 85' lang='lat' dir='ltr'>nicht,</span> <span class='ocrx_word' id='word_1_281' title='bbox 845 3047 911 3099; x_wconf 83' lang='lat' dir='ltr'>dass</span> <span class='ocrx_word' id='word_1_282' title='bbox 922 3064 954 3099; x_wconf 87' lang='lat' dir='ltr'>er</span> <span class='ocrx_word' id='word_1_283' title='bbox 967 3054 1096 3099; x_wconf 82' lang='lat' dir='ltr'>umsonst</span> <span class='ocrx_word' id='word_1_284' title='bbox 1127 3046 1277 3111; x_wconf 73' lang='lat' dir='ltr'>curbeltat,</span> 
     </span>
     <span class='ocr_line' id='line_1_31' title="bbox 159 3064 1278 3180; baseline 0.002 -17"><span class='ocrx_word' id='word_1_285' title='bbox 159 3105 275 3177; x_wconf 74' lang='grc' dir='ltr'><strong><em>γλαῦκ’</em></strong></span> <span class='ocrx_word' id='word_1_286' title='bbox 290 3109 343 3173; x_wconf 78' lang='grc' dir='ltr'>εἰς</span> <span class='ocrx_word' id='word_1_287' title='bbox 357 3104 519 3180; x_wconf 74' lang='grc' dir='ltr'>Ἀθήνας]</span> <span class='ocrx_word' id='word_1_288' title='bbox 533 3114 607 3165; x_wconf 71' lang='lat' dir='ltr'>Educ</span> <span class='ocrx_word' id='word_1_289' title='bbox 619 3112 692 3166; x_wconf 82' lang='lat' dir='ltr'>Eule</span> <span class='ocrx_word' id='word_1_290' title='bbox 744 3115 810 3167; x_wconf 83' lang='lat' dir='ltr'>dass</span> <span class='ocrx_word' id='word_1_291' title='bbox 827 3114 888 3167; x_wconf 88' lang='lat' dir='ltr'>sein</span> <span class='ocrx_word' id='word_1_292' title='bbox 906 3114 1045 3168; x_wconf 80' lang='lat' dir='ltr'>Arbeiten</span> <span class='ocrx_word' id='word_1_293' title='bbox 1069 3064 1203 3167; x_wconf 51' lang='lat' dir='ltr'>vvbffirend</span> <span class='ocrx_word' id='word_1_294' title='bbox 1227 3114 1278 3166; x_wconf 87' lang='lat' dir='ltr'>der</span> 
     </span>
     <span class='ocr_line' id='line_1_32' title="bbox 159 3180 1278 3249; baseline 0.004 -20"><span class='ocrx_word' id='word_1_295' title='bbox 159 3180 233 3229; x_wconf 77' lang='lat' dir='ltr'>noch</span> <span class='ocrx_word' id='word_1_296' title='bbox 245 3181 337 3231; x_wconf 76' lang='lat' dir='ltr'>Athen</span> <span class='ocrx_word' id='word_1_297' title='bbox 348 3186 448 3246; x_wconf 71' lang='lat' dir='ltr'>tropen</span> <span class='ocrx_word' id='word_1_298' title='bbox 459 3181 501 3233; x_wconf 87' lang='lat' dir='ltr'>ist</span> <span class='ocrx_word' id='word_1_299' title='bbox 517 3181 608 3233; x_wconf 85' lang='lat' dir='ltr'>soviel</span> <span class='ocrx_word' id='word_1_300' title='bbox 620 3181 690 3234; x_wconf 75' lang='lat' dir='ltr'>vvies</span> <span class='ocrx_word' id='word_1_301' title='bbox 742 3181 839 3235; x_wconf 86' lang='lat' dir='ltr'>Nacbt</span> <span class='ocrx_word' id='word_1_302' title='bbox 862 3198 914 3233; x_wconf 87' lang='lat' dir='ltr'>ver</span> <span class='ocrx_word' id='word_1_303' title='bbox 934 3181 1026 3233; x_wconf 85' lang='lat' dir='ltr'>ebliob</span> <span class='ocrx_word' id='word_1_304' title='bbox 1044 3182 1087 3233; x_wconf 85' lang='lat' dir='ltr'>sei</span> <span class='ocrx_word' id='word_1_305' title='bbox 1105 3182 1231 3249; x_wconf 82' lang='lat' dir='ltr'>(perire).</span> <span class='ocrx_word' id='word_1_306' title='bbox 1244 3209 1278 3219; x_wconf 89' lang='lat'>-·</span> 
     </span>
     <span class='ocr_line' id='line_1_33' title="bbox 159 3198 1277 3317; baseline 0.004 -22"><span class='ocrx_word' id='word_1_307' title='bbox 159 3241 351 3298; x_wconf 71' lang='lat' dir='ltr'>wasconum</span> <span class='ocrx_word' id='word_1_308' title='bbox 362 3248 692 3315; x_wconf 80' lang='lat' dir='ltr'>Brunneutragen.Die</span> <span class='ocrx_word' id='word_1_309' title='bbox 744 3198 933 3317; x_wconf 41' lang='lat' dir='ltr'>semipsum?</span> <span class='ocrx_word' id='word_1_310' title='bbox 952 3248 977 3302; x_wconf 90' lang='lat' dir='ltr'>d.</span> <span class='ocrx_word' id='word_1_311' title='bbox 994 3248 1013 3299; x_wconf 88' lang='lat' dir='ltr'>i.</span> <span class='ocrx_word' id='word_1_312' title='bbox 1036 3249 1194 3317; x_wconf 81' lang='lat' dir='ltr'>epistolam,</span> <span class='ocrx_word' id='word_1_313' title='bbox 1220 3264 1277 3299; x_wconf 89' lang='lat' dir='ltr'>von</span> 
     </span>
     <span class='ocr_line' id='line_1_34' title="bbox 158 3310 1284 3382; baseline 0.004 -20"><span class='ocrx_word' id='word_1_314' title='bbox 158 3310 234 3363; x_wconf 83' lang='lat' dir='ltr'>Enle</span> <span class='ocrx_word' id='word_1_315' title='bbox 257 3328 318 3364; x_wconf 82' lang='lat' dir='ltr'>war</span> <span class='ocrx_word' id='word_1_316' title='bbox 339 3312 390 3364; x_wconf 88' lang='lat' dir='ltr'>der</span> <span class='ocrx_word' id='word_1_317' title='bbox 412 3313 516 3382; x_wconf 81' lang='lat' dir='ltr'>beiliga</span> <span class='ocrx_word' id='word_1_318' title='bbox 533 3315 576 3367; x_wconf 88' lang='lat' dir='ltr'>Vo</span> <span class='ocrx_word' id='word_1_319' title='bbox 597 3316 692 3368; x_wconf 88' lang='lat' dir='ltr'>elder</span> <span class='ocrx_word' id='word_1_320' title='bbox 745 3316 796 3369; x_wconf 83' lang='lat' dir='ltr'>der</span> <span class='ocrx_word' id='word_1_321' title='bbox 808 3315 912 3368; x_wconf 84' lang='lat' dir='ltr'>verber</span> <span class='ocrx_word' id='word_1_322' title='bbox 931 3313 1126 3368; x_wconf 74' lang='lat' dir='ltr'>fortwbbrend</span> <span class='ocrx_word' id='word_1_323' title='bbox 1139 3314 1185 3367; x_wconf 88' lang='lat' dir='ltr'>die</span> <span class='ocrx_word' id='word_1_324' title='bbox 1197 3314 1284 3374; x_wconf 70' lang='lat' dir='ltr'>Rede,</span> 
     </span>
     <span class='ocr_line' id='line_1_35' title="bbox 159 3332 1277 3448; baseline 0.003 -18"><span class='ocrx_word' id='word_1_325' title='bbox 159 3376 284 3441; x_wconf 81' lang='lat' dir='ltr'>Athene,</span> <span class='ocrx_word' id='word_1_326' title='bbox 297 3379 350 3431; x_wconf 81' lang='lat' dir='ltr'>der</span> <span class='ocrx_word' id='word_1_327' title='bbox 363 3380 562 3448; x_wconf 77' lang='lat' dir='ltr'>Scbntzgdttin</span> <span class='ocrx_word' id='word_1_328' title='bbox 574 3332 700 3435; x_wconf 53' lang='lat' dir='ltr'>fitbensz</span> <span class='ocrx_word' id='word_1_329' title='bbox 743 3382 795 3447; x_wconf 86' lang='lat' dir='ltr'>ist,</span> <span class='ocrx_word' id='word_1_330' title='bbox 820 3382 946 3438; x_wconf 68' lang='lat' dir='ltr'>mabalb</span> <span class='ocrx_word' id='word_1_331' title='bbox 971 3383 1022 3435; x_wconf 83' lang='lat' dir='ltr'>das</span> <span class='ocrx_word' id='word_1_332' title='bbox 1046 3382 1204 3435; x_wconf 86' lang='lat' dir='ltr'>Pronomen</span> <span class='ocrx_word' id='word_1_333' title='bbox 1227 3398 1277 3448; x_wconf 81' lang='lat' dir='ltr'>ge-</span> 
     </span>
    </p>
   </div>
   <div class='ocr_carea' id='block_1_8' title="bbox 159 3443 1278 3971">
    <p class='ocr_par' dir='ltr' id='par_1_9' title="bbox 159 3443 1278 3637">
     <span class='ocr_line' id='line_1_36' title="bbox 159 3443 1278 3515; baseline 0.005 -20"><span class='ocrx_word' id='word_1_334' title='bbox 159 3471 194 3483; x_wconf 86' lang='lat'><em>-</em></span> <span class='ocrx_word' id='word_1_335' title='bbox 205 3443 365 3497; x_wconf 68' lang='lat' dir='ltr'>Nihilmies‘</span> <span class='ocrx_word' id='word_1_336' title='bbox 375 3446 425 3513; x_wconf 84' lang='lat' dir='ltr'>ut]</span> <span class='ocrx_word' id='word_1_337' title='bbox 444 3450 505 3501; x_wconf 81' lang='lat' dir='ltr'>Aue</span> <span class='ocrx_word' id='word_1_338' title='bbox 520 3450 627 3504; x_wconf 67' lang='lat' dir='ltr'>notarem</span> <span class='ocrx_word' id='word_1_339' title='bbox 641 3466 694 3501; x_wconf 80' lang='lat' dir='ltr'>uu·</span> <span class='ocrx_word' id='word_1_340' title='bbox 745 3449 782 3502; x_wconf 77' lang='lat' dir='ltr'>nb</span> <span class='ocrx_word' id='word_1_341' title='bbox 804 3454 840 3502; x_wconf 84' lang='lat' dir='ltr'>te.</span> <span class='ocrx_word' id='word_1_342' title='bbox 854 3477 888 3486; x_wconf 93' lang='lat'>—</span> <span class='ocrx_word' id='word_1_343' title='bbox 905 3451 1015 3502; x_wconf 83' lang='lat' dir='ltr'>loeutus</span> <span class='ocrx_word' id='word_1_344' title='bbox 1027 3466 1060 3501; x_wconf 85' lang='lat' dir='ltr'>eo</span> <span class='ocrx_word' id='word_1_345' title='bbox 1073 3447 1150 3515; x_wconf 78' lang='lat' dir='ltr'>erun]</span> <span class='ocrx_word' id='word_1_346' title='bbox 1173 3465 1233 3502; x_wconf 83' lang='lat' dir='ltr'>was</span> <span class='ocrx_word' id='word_1_347' title='bbox 1246 3466 1278 3501; x_wconf 87' lang='lat' dir='ltr'>er</span> 
     </span>
     <span class='ocr_line' id='line_1_37' title="bbox 161 3466 1277 3636; baseline 0.004 -74"><span class='ocrx_word' id='word_1_348' title='bbox 161 3514 236 3630; x_wconf 54' lang='lat' dir='ltr'>dm</span> <span class='ocrx_word' id='word_1_349' title='bbox 243 3512 361 3631; x_wconf 41' lang='lat' dir='ltr'>Grgssmde</span> <span class='ocrx_word' id='word_1_350' title='bbox 371 3513 434 3579; x_wconf 73' lang='lat' dir='ltr'>(eqo</span> <span class='ocrx_word' id='word_1_351' title='bbox 443 3516 598 3568; x_wconf 71' lang='lat' dir='ltr'>menodoro</span> <span class='ocrx_word' id='word_1_352' title='bbox 609 3515 694 3583; x_wconf 85' lang='lat' dir='ltr'>udtc)</span> <span class='ocrx_word' id='word_1_353' title='bbox 744 3466 989 3636; x_wconf 51' lang='lat' dir='ltr'>wobfflemltriete</span> <span class='ocrx_word' id='word_1_354' title='bbox 997 3516 1074 3569; x_wconf 82' lang='lat' dir='ltr'>nicht</span> <span class='ocrx_word' id='word_1_355' title='bbox 1084 3521 1277 3569; x_wconf 84' lang='lat' dir='ltr'>auvertraucn</span> 
     </span>
     <span class='ocr_line' id='line_1_38' title="bbox 161 3595 909 3637; baseline 0.007 -6"><span class='ocrx_word' id='word_1_356' title='bbox 161 3595 205 3631; x_wconf 79' lang='lat' dir='ltr'>uo</span> <span class='ocrx_word' id='word_1_357' title='bbox 237 3596 358 3633; x_wconf 77' lang='lat' dir='ltr'>anve.-</span> <span class='ocrx_word' id='word_1_358' title='bbox 744 3601 806 3637; x_wconf 87' lang='lat' dir='ltr'>nvoo</span> <span class='ocrx_word' id='word_1_359' title='bbox 839 3600 909 3636; x_wconf 60' lang='lat' dir='ltr'>e.»</span> 
     </span>
    </p>

    <p class='ocr_par' dir='ltr' id='par_1_10' title="bbox 160 3647 1278 3850">
     <span class='ocr_line' id='line_1_39' title="bbox 194 3647 1277 3717; baseline 0.003 -21"><span class='ocrx_word' id='word_1_360' title='bbox 194 3648 291 3698; x_wconf 72' lang='lat' dir='ltr'>Emer.</span> <span class='ocrx_word' id='word_1_361' title='bbox 302 3648 393 3700; x_wconf 88' lang='lat' dir='ltr'>XIIII.</span> <span class='ocrx_word' id='word_1_362' title='bbox 407 3647 699 3713; x_wconf 50' lang='lat' dir='ltr'>(ressepnerltrief</span> <span class='ocrx_word' id='word_1_363' title='bbox 778 3656 804 3703; x_wconf 75' lang='lat'>2.</span> <span class='ocrx_word' id='word_1_364' title='bbox 822 3666 874 3702; x_wconf 78' lang='lat' dir='ltr'>cce</span> <span class='ocrx_word' id='word_1_365' title='bbox 886 3652 982 3703; x_wconf 78' lang='lat' dir='ltr'>doleam</span> <span class='ocrx_word' id='word_1_366' title='bbox 992 3649 1101 3717; x_wconf 76' lang='lat' dir='ltr'>eluere]</span> <span class='ocrx_word' id='word_1_367' title='bbox 1122 3648 1161 3700; x_wconf 86' lang='lat' dir='ltr'>eie</span> <span class='ocrx_word' id='word_1_368' title='bbox 1174 3649 1277 3715; x_wconf 78' lang='lat' dir='ltr'>drpern</span> 
     </span>
     <span class='ocr_line' id='line_1_40' title="bbox 160 3711 1278 3784; baseline 0.004 -21"><span class='ocrx_word' id='word_1_369' title='bbox 160 3711 200 3764; x_wconf 86' lang='lat' dir='ltr'>ist</span> <span class='ocrx_word' id='word_1_370' title='bbox 212 3729 247 3765; x_wconf 83' lang='lat' dir='ltr'>zu</span> <span class='ocrx_word' id='word_1_371' title='bbox 260 3714 331 3766; x_wconf 86' lang='lat' dir='ltr'>Rom</span> <span class='ocrx_word' id='word_1_372' title='bbox 341 3714 539 3784; x_wconf 80' lang='lat' dir='ltr'>wenigeTege</span> <span class='ocrx_word' id='word_1_373' title='bbox 550 3716 621 3769; x_wconf 79' lang='lat' dir='ltr'>nach</span> <span class='ocrx_word' id='word_1_374' title='bbox 630 3717 693 3769; x_wconf 88' lang='lat' dir='ltr'>dem</span> <span class='ocrx_word' id='word_1_375' title='bbox 744 3718 817 3784; x_wconf 77' lang='lat' dir='ltr'>sicle,</span> <span class='ocrx_word' id='word_1_376' title='bbox 842 3718 958 3770; x_wconf 76' lang='lat' dir='ltr'>columen</span> <span class='ocrx_word' id='word_1_377' title='bbox 982 3734 1010 3769; x_wconf 84' lang='lat' dir='ltr'>ee</span> <span class='ocrx_word' id='word_1_378' title='bbox 1033 3734 1088 3769; x_wconf 81' lang='lat' dir='ltr'>una</span> <span class='ocrx_word' id='word_1_379' title='bbox 1109 3714 1183 3782; x_wconf 70' lang='lat' dir='ltr'>ridel,</span> <span class='ocrx_word' id='word_1_380' title='bbox 1210 3717 1278 3768; x_wconf 83' lang='lat' dir='ltr'>dces</span> 
     </span>
     <span class='ocr_line' id='line_1_41' title="bbox 160 3778 1277 3850; baseline 0.004 -20"><span class='ocrx_word' id='word_1_381' title='bbox 160 3778 411 3847; x_wconf 79' lang='lat' dir='ltr'>vorhergebenden</span> <span class='ocrx_word' id='word_1_382' title='bbox 424 3783 621 3850; x_wconf 83' lang='lat' dir='ltr'>geschrieben.</span> <span class='ocrx_word' id='word_1_383' title='bbox 744 3785 797 3837; x_wconf 77' lang='lat' dir='ltr'>wir</span> <span class='ocrx_word' id='word_1_384' title='bbox 814 3786 891 3837; x_wconf 79' lang='lat' dir='ltr'>ledere</span> <span class='ocrx_word' id='word_1_385' title='bbox 903 3786 960 3838; x_wconf 89' lang='lat' dir='ltr'>und</span> <span class='ocrx_word' id='word_1_386' title='bbox 973 3784 1052 3837; x_wconf 87' lang='lat' dir='ltr'>nicht</span> <span class='ocrx_word' id='word_1_387' title='bbox 1064 3783 1115 3836; x_wconf 85' lang='lat' dir='ltr'>mit</span> <span class='ocrx_word' id='word_1_388' title='bbox 1127 3784 1181 3836; x_wconf 86' lang='lat' dir='ltr'>den</span> <span class='ocrx_word' id='word_1_389' title='bbox 1194 3783 1277 3835; x_wconf 87' lang='lat' dir='ltr'>Pom-</span> 
     </span>
    </p>

    <p class='ocr_par' dir='ltr' id='par_1_11' title="bbox 194 3848 1277 3971">
     <span class='ocr_line' id='line_1_42' title="bbox 194 3848 1277 3971; baseline 0.006 -74"><span class='ocrx_word' id='word_1_390' title='bbox 194 3850 218 3898; x_wconf 89' lang='lat'>1.</span> <span class='ocrx_word' id='word_1_391' title='bbox 238 3848 415 3966; x_wconf 40' lang='lat' dir='ltr'>oblitomgso.</span> <span class='ocrx_word' id='word_1_392' title='bbox 429 3868 503 3903; x_wconf 84' lang='lat' dir='ltr'>cum.</span> <span class='ocrx_word' id='word_1_393' title='bbox 514 3852 544 3903; x_wconf 82' lang='lat' dir='ltr'>S.</span> <span class='ocrx_word' id='word_1_394' title='bbox 556 3865 582 3903; x_wconf 75' lang='lat' dir='ltr'>a.</span> <span class='ocrx_word' id='word_1_395' title='bbox 592 3851 696 3906; x_wconf 65' lang='lat' dir='ltr'>laen.</span> <span class='ocrx_word' id='word_1_396' title='bbox 745 3852 884 3971; x_wconf 61' lang='lat' dir='ltr'>pejerem</span> <span class='ocrx_word' id='word_1_397' title='bbox 897 3852 1032 3917; x_wconf 81' lang='lat' dir='ltr'>(costroe)</span> <span class='ocrx_word' id='word_1_398' title='bbox 1044 3853 1081 3903; x_wconf 89' lang='lat' dir='ltr'>im</span> <span class='ocrx_word' id='word_1_399' title='bbox 1093 3849 1214 3969; x_wconf 54' lang='lat' dir='ltr'>Kemgle</span> <span class='ocrx_word' id='word_1_400' title='bbox 1227 3867 1277 3918; x_wconf 82' lang='lat' dir='ltr'>ge·</span> 
     </span>
    </p>
   </div>
   <div class='ocr_carea' id='block_1_9' title="bbox 123 3910 1373 4321">
    <p class='ocr_par' dir='ltr' id='par_1_12' title="bbox 123 3910 1277 4121">
     <span class='ocr_line' id='line_1_43' title="bbox 160 3910 1277 3985; baseline 0.01 -21"><span class='ocrx_word' id='word_1_401' title='bbox 160 3910 226 3981; x_wconf 82' lang='lat' dir='ltr'>Vgl.</span> <span class='ocrx_word' id='word_1_402' title='bbox 245 3914 353 3981; x_wconf 80' lang='lat' dir='ltr'>sogleic</span> <span class='ocrx_word' id='word_1_403' title='bbox 384 3916 526 3985; x_wconf 77' lang='lat' dir='ltr'>proficisci</span> <span class='ocrx_word' id='word_1_404' title='bbox 548 3934 587 3972; x_wconf 81' lang='lat' dir='ltr'>so.</span> <span class='ocrx_word' id='word_1_405' title='bbox 605 3934 642 3970; x_wconf 83' lang='lat' dir='ltr'>se.</span> <span class='ocrx_word' id='word_1_406' title='bbox 658 3942 697 3959; x_wconf 58' lang='grc' dir='ltr'>ν-</span> <span class='ocrx_word' id='word_1_407' title='bbox 1205 3918 1277 3970; x_wconf 79' lang='lat'>2111·</span> 
     </span>
     <span class='ocr_line' id='line_1_44' title="bbox 160 3980 1277 4054; baseline 0.004 -22"><span class='ocrx_word' id='word_1_408' title='bbox 160 3982 199 4032; x_wconf 83' lang='lat' dir='ltr'>At</span> <span class='ocrx_word' id='word_1_409' title='bbox 214 3980 282 4049; x_wconf 77' lang='lat' dir='ltr'>titt]</span> <span class='ocrx_word' id='word_1_410' title='bbox 298 3981 420 4036; x_wconf 80' lang='lat' dir='ltr'>Dativus</span> <span class='ocrx_word' id='word_1_411' title='bbox 438 3984 557 4038; x_wconf 83' lang='lat' dir='ltr'>ethicus.</span> <span class='ocrx_word' id='word_1_412' title='bbox 569 4013 602 4023; x_wconf 94' lang='grc'>-</span> <span class='ocrx_word' id='word_1_413' title='bbox 612 3986 695 4037; x_wconf 74' lang='lat' dir='ltr'>nonis</span> <span class='ocrx_word' id='word_1_414' title='bbox 746 3990 788 4038; x_wconf 72' lang='lat'>12.</span> <span class='ocrx_word' id='word_1_415' title='bbox 806 3990 832 4039; x_wconf 83' lang='lat'>3.</span> <span class='ocrx_word' id='word_1_416' title='bbox 848 4014 883 4025; x_wconf 90' lang='lat'>-</span> <span class='ocrx_word' id='word_1_417' title='bbox 894 3994 952 4039; x_wconf 82' lang='lat' dir='ltr'>tam</span> <span class='ocrx_word' id='word_1_418' title='bbox 969 3982 1096 4054; x_wconf 69' lang='lat' dir='ltr'>lynceus]</span> <span class='ocrx_word' id='word_1_419' title='bbox 1122 3986 1161 4036; x_wconf 83' lang='lat' dir='ltr'>‘so</span> <span class='ocrx_word' id='word_1_420' title='bbox 1185 3986 1277 4037; x_wconf 79' lang='lat' dir='ltr'>luciis-</span> 
     </span>
     <span class='ocr_line' id='line_1_45' title="bbox 123 4048 849 4121; baseline 0.011 -22"><span class='ocrx_word' id='word_1_421' title='bbox 123 4069 128 4084; x_wconf 57' lang='lat'><em>¹</em></span> <span class='ocrx_word' id='word_1_422' title='bbox 161 4048 259 4117; x_wconf 76' lang='lat' dir='ltr'>reduc]</span> <span class='ocrx_word' id='word_1_423' title='bbox 283 4048 388 4102; x_wconf 73' lang='lat' dir='ltr'>Cdsars</span> <span class='ocrx_word' id='word_1_424' title='bbox 406 4051 475 4119; x_wconf 81' lang='lat' dir='ltr'>Sieg</span> <span class='ocrx_word' id='word_1_425' title='bbox 494 4052 524 4103; x_wconf 91' lang='lat' dir='ltr'>in</span> <span class='ocrx_word' id='word_1_426' title='bbox 537 4052 647 4106; x_wconf 84' lang='lat' dir='ltr'>Africa.</span> <span class='ocrx_word' id='word_1_427' title='bbox 660 4080 694 4091; x_wconf 87' lang='lat'>-··</span> <span class='ocrx_word' id='word_1_428' title='bbox 743 4052 849 4121; x_wconf 71' lang='lat' dir='ltr'>dupip’.</span> 
     </span>
    </p>

    <p class='ocr_par' dir='ltr' id='par_1_13' title="bbox 160 4114 1373 4321">
     <span class='ocr_line' id='line_1_46' title="bbox 160 4114 1373 4187; baseline 0.004 -21"><span class='ocrx_word' id='word_1_429' title='bbox 160 4114 400 4185; x_wconf 80' lang='lat' dir='ltr'>lucubrationem]</span> <span class='ocrx_word' id='word_1_430' title='bbox 435 4118 609 4171; x_wconf 74' lang='lat' dir='ltr'>Lucubratlo</span> <span class='ocrx_word' id='word_1_431' title='bbox 643 4120 694 4173; x_wconf 80' lang='lat' dir='ltr'>be·</span> <span class='ocrx_word' id='word_1_432' title='bbox 779 4124 802 4173; x_wconf 85' lang='lat'>3.</span> <span class='ocrx_word' id='word_1_433' title='bbox 810 4120 1020 4173; x_wconf 74' lang='lat' dir='ltr'>calumniabara‘</span> <span class='ocrx_word' id='word_1_434' title='bbox 1041 4118 1277 4187; x_wconf 79' lang='lat' dir='ltr'>ee]:=icbstellte</span> <span class='ocrx_word' id='word_1_435' title='bbox 1372 4147 1373 4156; x_wconf 27' lang='grc' dir='ltr'><strong>κ</strong></span> 
     </span>
     <span class='ocr_line' id='line_1_47' title="bbox 161 4134 1277 4261; baseline 0.004 -30"><span class='ocrx_word' id='word_1_436' title='bbox 161 4180 291 4261; x_wconf 76' lang='lat' dir='ltr'>zeiobnct</span> <span class='ocrx_word' id='word_1_437' title='bbox 314 4190 386 4237; x_wconf 76' lang='lat' dir='ltr'>stete</span> <span class='ocrx_word' id='word_1_438' title='bbox 411 4200 466 4237; x_wconf 86' lang='lat' dir='ltr'>nur</span> <span class='ocrx_word' id='word_1_439' title='bbox 489 4187 544 4237; x_wconf 80' lang='lat' dir='ltr'>doe</span> <span class='ocrx_word' id='word_1_440' title='bbox 562 4188 694 4239; x_wconf 78' lang='lat' dir='ltr'>Arbeiterv</span> <span class='ocrx_word' id='word_1_441' title='bbox 746 4187 801 4239; x_wconf 87' lang='lat' dir='ltr'>mir</span> <span class='ocrx_word' id='word_1_442' title='bbox 813 4186 858 4240; x_wconf 88' lang='lat' dir='ltr'>die</span> <span class='ocrx_word' id='word_1_443' title='bbox 869 4188 957 4240; x_wconf 81' lang='lat' dir='ltr'>bilsen</span> <span class='ocrx_word' id='word_1_444' title='bbox 970 4134 1069 4240; x_wconf 49' lang='lat' dir='ltr'>serien</span> <span class='ocrx_word' id='word_1_445' title='bbox 1082 4204 1144 4251; x_wconf 82' lang='lat' dir='ltr'>vor,</span> <span class='ocrx_word' id='word_1_446' title='bbox 1157 4184 1203 4237; x_wconf 84' lang='lat' dir='ltr'>dle</span> <span class='ocrx_word' id='word_1_447' title='bbox 1213 4201 1277 4236; x_wconf 84' lang='lat' dir='ltr'>man</span> 
     </span>
     <span class='ocr_line' id='line_1_48' title="bbox 161 4248 1274 4321; baseline 0.003 -23"><span class='ocrx_word' id='word_1_448' title='bbox 161 4248 207 4299; x_wconf 77' lang='lat' dir='ltr'>bes</span> <span class='ocrx_word' id='word_1_449' title='bbox 223 4250 331 4317; x_wconf 71' lang='lat' dir='ltr'>Melete,</span> <span class='ocrx_word' id='word_1_450' title='bbox 351 4252 429 4306; x_wconf 85' lang='lat' dir='ltr'>uiobt</span> <span class='ocrx_word' id='word_1_451' title='bbox 446 4252 492 4307; x_wconf 77' lang='lat' dir='ltr'>die</span> <span class='ocrx_word' id='word_1_452' title='bbox 509 4253 624 4321; x_wconf 80' lang='lat' dir='ltr'>Arbeit,</span> <span class='ocrx_word' id='word_1_453' title='bbox 647 4254 694 4307; x_wconf 86' lang='lat' dir='ltr'>die</span> <span class='ocrx_word' id='word_1_454' title='bbox 746 4254 862 4308; x_wconf 81' lang='lat' dir='ltr'>macheu</span> <span class='ocrx_word' id='word_1_455' title='bbox 875 4255 1062 4309; x_wconf 65' lang='lat' dir='ltr'>winde—ut</span> <span class='ocrx_word' id='word_1_456' title='bbox 1073 4249 1274 4320; x_wconf 71' lang='lat' dir='ltr'>cuiqueeaect]</span> 
     </span>
    </p>
   </div>
   <div class='ocr_carea' id='block_1_10' title="bbox 765 3917 1137 3985">
    <p class='ocr_par' dir='ltr' id='par_1_14' title="bbox 765 3917 1137 3985">
     <span class='ocr_line' id='line_1_49' title="bbox 765 3917 1137 3985; baseline -0.005 -14"><span class='ocrx_word' id='word_1_457' title='bbox 765 3918 869 3972; x_wconf 82' lang='lat' dir='ltr'>lteben.</span> <span class='ocrx_word' id='word_1_458' title='bbox 883 3948 914 3957; x_wconf 90' lang='lat'><em>-</em></span> <span class='ocrx_word' id='word_1_459' title='bbox 928 3920 1021 3971; x_wconf 81' lang='lat' dir='ltr'>omnio</span> <span class='ocrx_word' id='word_1_460' title='bbox 1038 3917 1137 3985; x_wconf 85' lang='lat' dir='ltr'>credo]</span> 
     </span>
    </p>
   </div>
   <div class='ocr_carea' id='block_1_11' title="bbox 0 0 1504 4650">
    <p class='ocr_par' dir='ltr' id='par_1_15' title="bbox 0 0 1504 4650">
     <span class='ocr_line' id='line_1_50' title="bbox 0 0 1504 4650; baseline 0 0"><span class='ocrx_word' id='word_1_461' title='bbox 0 0 1504 4650; x_wconf 95' lang='lat' dir='ltr'> </span> 
     </span>
    </p>
   </div>
  </div>
 </body>
</html>
