3000 4650
236 253 278 319 68
627 258 687 314 Lm.
703 259 723 314 1.
739 258 841 315 uersu.
858 260 898 313 ao.
919 261 959 312 ao.

235 443 315 486 mam
334 423 426 485 civilis
445 422 608 486 discordiae
625 421 671 484 vel
692 423 790 502 potius
809 420 893 490 belli;
917 423 964 483 cui
983 440 1050 484 cum
1070 439 1211 500 cuperem
1232 421 1348 484 mederi

236 517 274 579 et,
291 517 324 570 ut
341 507 478 577 arbitror,
494 524 621 586 possem,
643 506 816 585 cupiditates
832 512 980 568 certorum
998 507 1150 567 hominum
1165 540 1209 552 -·
1224 523 1293 567 nam
1310 525 1348 570 ex

235 601 361 672 utraque
374 600 459 673 parte
472 600 549 660 sunt,
570 593 621 670 qui
635 609 767 670 pugnare
786 592 905 669 cupiant
921 625 959 635 -—
974 590 1184 668 impedimento
1198 591 1270 651 mihi
1285 591 1347 652 lue·

235 686 313 739 runt.
344 677 471 739 Omnino
489 677 596 755 etipse
613 676 736 748 Caesar,
755 677 866 736 amicus
881 682 995 744 noster,
1016 675 1145 736 minaces
1162 675 1199 735 ad
1212 682 1347 738 senatum

236 761 396 824 etaoerbas
406 760 517 823 litteras
527 761 649 822 miserat
662 765 691 820 et
702 767 766 820 erat
780 759 817 821 ad
829 759 887 820 boc
897 759 1061 840 impudens,
1077 761 1126 839 qui
1140 761 1301 821 exercitum
1316 767 1348 822 et

200 915 203 921 ¹
234 846 415 927 provinciam
436 845 527 905 invito
548 850 652 907 senatu
676 848 807 912 teneret;
831 849 860 904 et
878 844 966 905 Curio
983 861 1067 905 meus
1091 841 1173 905 illum
1197 843 1344 905 incitabat.
1374 866 1377 874 ·

234 931 377 993 Antonius
390 930 508 1010 quidem
524 935 626 990 noster
639 927 712 997 etQ.
725 929 850 997 Cassius,
866 928 945 989 nulla
960 930 988 989 vi
1003 927 1124 1008 expulsi,
1143 928 1179 989 ad
1191 927 1347 990 Caesarem

235 1032 303 1076 oum
317 1014 445 1075 Curione
460 1012 586 1091 protecti
599 1021 697 1083 erant,
719 1017 910 1092 posteaquam
924 1020 1043 1074 senatus
1057 1011 1240 1082 consulibus,
1261 1030 1348 1092 prae·

234 1098 359 1169 toribus,
377 1097 505 1159 tribunis
519 1097 559 1176 pl.
576 1105 606 1159 et
619 1096 714 1165 nobis,
732 1097 783 1176 qui
798 1114 853 1175 pro
869 1115 945 1159 coss.
961 1115 1077 1168 sumus,
1093 1098 1243 1175 negotium
1260 1097 1347 1160 dede·

234 1190 290 1254 rat,
306 1189 339 1244 ut
355 1199 543 1253 curaremus,
565 1203 608 1244 un
634 1202 711 1251 omn
736 1200 795 1242 uss
817 1201 952 1246 ruamus
973 1203 1169 1245 nnnnrnnnrr
1195 1201 1346 1244 omnnnr.

197 1273 217 1335 3
238 1266 395 1348 Nunquam
411 1268 523 1328 maiore
536 1268 567 1327 in
583 1265 716 1346 periculo
738 1267 837 1328 civitas
857 1265 926 1335 luit;
949 1285 1100 1346 nunquam
1124 1265 1250 1346 improbi
1270 1267 1347 1327 cives

239 1351 407 1413 habuerunt
420 1352 601 1431 paratiorem
615 1351 731 1412 ducem.
771 1349 897 1411 Omnino
913 1369 949 1412 ex
964 1349 1020 1411 bae
1041 1369 1159 1430 quoque
1180 1358 1262 1428 parte
1281 1349 1347 1411 dili·

237 1437 407 1514 gentissime
422 1442 619 1515 comparatur.
652 1434 687 1496 ld
704 1435 737 1495 lit
754 1437 926 1496 auctoritate
941 1443 970 1497 et
990 1435 1085 1497 studio
1100 1436 1232 1513 Pompeii
1245 1435 1357 1505 nostri,

238 1522 288 1598 qni
302 1520 458 1583 Caesarem
473 1538 541 1582 sero
556 1521 652 1599 coepit
666 1521 780 1581 timere.
818 1519 910 1582 Nobis
932 1523 1010 1581 inter
1029 1521 1083 1581 has
1103 1519 1206 1581 turbas
1229 1527 1348 1582 senatus

236 1612 334 1666 tamen
361 1607 502 1685 frequens
527 1603 666 1683 flagitarit
690 1605 888 1683 triumphum,
915 1606 967 1667 sed
988 1603 1129 1666 Lentulus
1156 1602 1268 1674 consul,
1290 1623 1348 1684 quo

235 1693 328 1750 maius
343 1709 429 1752 suum
443 1689 619 1750 beneficium
633 1690 759 1764 laceret,
776 1688 861 1750 simul
876 1696 964 1768 atque
975 1689 1149 1768 expedisset,
1163 1706 1238 1767 quae
1251 1695 1349 1751 essent

236 1776 403 1836 necessaria
419 1774 455 1835 de
469 1772 643 1851 republica,
661 1773 733 1833 dixit
747 1792 779 1834 se
794 1772 966 1835 relaturum.
1002 1773 1063 1836 Nos
1079 1775 1192 1852 agimus
1209 1773 1282 1834 nihil
1298 1791 1347 1834 cu·

235 1857 304 1935 pide
321 1877 416 1938 eoque
431 1865 475 1919 est
489 1865 590 1919 nostra
604 1856 697 1936 pluris
712 1859 879 1926 auctoritas,
914 1857 1012 1920 ltaliae
1032 1857 1169 1934 regiones
1184 1857 1348 1936 descriptae

235 1950 319 2013 suut,
350 1960 439 2020 quam
464 1942 587 2020 quisque
608 1947 723 2020 partem
742 1949 886 2003 tueretur.
926 1943 986 2005 Nos
1006 1941 1134 2022 Capuam
1158 1945 1347 2021 sumpsimus.

235 2025 314 2089 Haec
330 2033 360 2088 te
377 2027 454 2088 scire
471 2025 557 2087 volui.
585 2025 632 2087 Tu
648 2027 734 2087 etiarn
750 2033 837 2104 atque
854 2028 1042 2098 etiamoura,
1058 2035 1090 2088 ut
1110 2025 1206 2088 valeas
1222 2025 1347 2088 litteras-

237 2129 294 2190 que
314 2111 350 2172 ad
372 2130 420 2172 me
439 2111 552 2179 mittas,
575 2112 807 2190 quotiescunque
822 2111 958 2181 babebis,
977 2114 1025 2173 cui
1045 2112 1105 2172 des.
1146 2111 1240 2171 Etiam
1261 2117 1347 2189 atque

235 2198 324 2256 etiam
338 2194 410 2256 vale.
448 2194 482 2255 n.
500 2195 594 2275 pridie
608 2195 677 2255 ldus
690 2195 751 2256 lan.

637 2361 816 2428 Eumnonn
829 2361 945 2427 XXX.

578 2486 609 2555 o.
624 2486 734 2543 nouom
748 2486 811 2542 suo
825 2486 918 2544 riou.
935 2488 962 2544 s.
978 2489 1004 2544 n.

197 2623 214 2683 l
321 2617 479 2679 Verberari
496 2625 526 2678 te
541 2617 725 2692 cogitationis
752 2618 841 2677 tacito
863 2618 1012 2679 dumtaxat
1036 2620 1182 2687 convicio,
1204 2616 1282 2698 qnod
1305 2615 1346 2676 la-

235 2701 361 2763 sciculus
377 2701 451 2762 alter
468 2701 504 2761 ad
520 2719 568 2761 me
585 2702 643 2760 iam
659 2702 722 2760 sine
735 2702 795 2761 tuis
814 2698 920 2761 litteris
940 2702 1071 2779 perlatus
1091 2710 1143 2762 est.
1178 2700 1243 2762 Non
1264 2709 1347 2781 potes

236 2786 366 2863 effugere
382 2784 469 2846 huius
484 2784 589 2863 culpae
603 2802 737 2865 poenam,
754 2790 784 2845 te
798 2792 933 2864 patrono.
956 2785 1072 2847 Marcus
1089 2795 1133 2846 est
1146 2786 1346 2853 adhibendus;

233 2872 318 2948 isque
333 2869 381 2934 diu
395 2876 425 2930 et
434 2868 532 2931 multis
542 2866 797 2930 lucubrationibus
808 2877 1003 2931 commentata
1014 2871 1146 2931 oratione
1158 2869 1223 2929 vide
1234 2876 1266 2929 ut
1276 2887 1346 2948 pro-

269 3090 294 3137 2.
328 3092 465 3136 certorum
493 3083 586 3150 bom]
617 3084 767 3135 destinante
818 3086 898 3137 Caes.
922 3087 956 3138 B.
979 3085 1012 3136 C.
1037 3086 1058 3139 l.
1081 3090 1106 3137 5.
1130 3085 1199 3137 iiber
1222 3083 1348 3137 dieselbe

235 3153 335 3231 Lente..
353 3178 385 3189 -
409 3158 435 3201 et
447 3151 515 3232 ‘ipae
531 3147 649 3231 Caesar]
671 3167 766 3204 corre·
818 3152 922 3204 Sacbe:
944 3152 1099 3205 Decoreum
1116 3154 1155 3203 nd
1170 3151 1243 3203 illud
1261 3158 1349 3203 extre-

235 3217 766 3359 lellllill-lllbffi's‘iu}lidii
817 3236 940 3353 utta
950 3220 1267 3356 ,tttlltftttlltz
1282 3221 1349 3339 llll

234 3354 461 3407 Come-nulla
469 3354 497 3405 ni
506 3351 626 3420 expulsi]
634 3354 767 3421 Degegen
818 3354 886 3405 huni
897 3355 996 3422 plebis,
1015 3355 1115 3423 quique
1126 3372 1176 3422 pro
1189 3356 1348 3407 consulibus

235 3429 299 3489 sagt
319 3421 382 3476 niv.
404 3421 481 3490 Epit
503 3420 566 3473 Lib.
585 3421 702 3473 cvlffl.
724 3420 767 3473 M.
819 3422 974 3485 adnabam,
988 3423 1102 3491 nequid
1114 3430 1162 3477 etc.

235 3489 356 3541 Antonio
372 3496 399 3540 et
416 3489 556 3553 Q.Gaesio
572 3489 636 3541 trib.
652 3490 722 3557 pleb.
743 3525 768 3541 ..
852 3494 877 3542 3.
903 3508 937 3541 ex
959 3491 1011 3542 boc
1034 3490 1129 3559 parte]
1153 3508 1207 3542 von
1234 3507 1333 3543 uasere

235 3558 302 3609 urbe
318 3557 451 3625 expulsis.
474 3556 572 3609 Aebnl.
589 3556 671 3611 Caes.
689 3556 721 3608 Β.
735 3558 766 3608 O.
818 3558 899 3609 Seite.
924 3558 953 3609 S·
970 3574 993 3609 a.
1013 3558 1034 3609 I.
1052 3561 1092 3610 18.
1112 3562 1152 3611 11.
1177 3586 1210 3595 -
1234 3566 1347 3611 senatus

235 3625 449 3692 I.b.-postea
488 3623 767 3691 om..dederat]Dns
812 3624 974 3692 stapitaoit]
988 3625 1013 3678 d.
1024 3626 1049 3677 b.
1060 3643 1091 3678 er
1100 3626 1149 3677 het
1158 3624 1204 3678 die
1214 3642 1265 3679 zur
1275 3623 1349 3677 scet-

215 3664 429 3771 {Plusquempfi
446 3641 535 3743 ἔξω
551 3690 610 3743 sich
628 3692 767 3744 zuweilen
817 3692 887 3761 lung
902 3693 980 3746 eines
997 3694 1136 3759 Autrages
1153 3693 1347 3759 bereehtigteu

214 3776 220 3872 Ι
236 3758 307 3809 nacb
323 3767 516 3826 posteaquam,
534 3759 618 3820 euch,
636 3776 718 3810 wenn
731 3776 767 3812 an
817 3760 951 3813 Beamten
964 3760 1170 3829 ausgefordert,
1180 3762 1348 3823 denAntrag

214 3825 318 3893 'keine
342 3827 385 3878 oft
407 3825 589 3879 wiederbolte
612 3825 767 3893 Handlung
817 3824 1270 3895 zustellen.-ltnliaereqioncq
1283 3823 1347 3891 Vgl.

214 3907 269 3943 tan
289 3892 398 3944 denkeu
415 3892 469 3955 ist;
492 3892 555 3945 bier
578 3893 617 3945 ist
635 3893 765 3946 desselbe
816 3894 893 3948 Eiul.
906 3911 930 3946 z.
943 3895 968 3947 J.
983 3898 1039 3948 705.

214 3958 721 4029 JnochveranlesstdnrcbdasPlusq
745 3962 765 4015 f.
850 3964 945 4013 Error.
964 3964 1049 4013 XXX.
1080 3963 1138 4015 Der
1156 3961 1238 4014 Brief
1255 3959 1292 4009 ist
1309 3957 1345 4010 iru

230 4027 269 4077 im
289 4026 473 4092 Hauptsatze.
498 4057 527 4064 -
553 4035 580 4079 et
602 4027 698 4094 nobis]
724 3979 764 4080 lis
817 4028 842 4081 J.
863 4032 912 4081 710
936 4029 1132 4095 gescbrieben‚
1157 4029 1198 4081 als
1222 4026 1346 4088 Quintus

234 4093 318 4145 sollte
343 4093 393 4145 der
415 4094 505 4161 Regel
529 4095 637 4163 gemdss
658 4104 685 4147 et
702 4104 765 4148 ent·
816 4113 872 4152 von
885 4098 954 4149 Rom
969 4097 1120 4151 abweseud
1133 4113 1199 4148 wer.

235 4160 330 4212 weder
353 4160 401 4212 bei
421 4161 514 4226 jedem
537 4163 638 4215 Gliede
666 4164 765 4216 stebeu
851 4170 874 4219 1.
894 4164 1063 4231 fesciculos]
1087 4165 1144 4215 Dus
1163 4162 1348 4229 Briefpscket

234 4228 302 4280 oder
314 4244 385 4294 gouz
395 4228 496 4281 iebleu.
506 4248 597 4297 —pro
607 4232 689 4298 cose]
700 4232 764 4299 Vgl.
815 4249 871 4284 von
881 4232 960 4287 Rom.
972 4260 1006 4272 -
1017 4240 1044 4284 te
1054 4227 1183 4299 patrono]
1197 4230 1223 4285 d.
1233 4229 1252 4283 i.
1265 4246 1347 4283 wenu
