3000 4650
543 269 578 325 n.
590 268 728 326 nonnus
744 268 840 325 ciro.
863 249 866 254 '
1188 242 1256 328 109‘

133 456 171 501 ex
186 453 221 499 eo
235 442 336 498 monte
350 432 469 504 tollere,
495 451 584 513 agere
598 436 727 513 perrexi.
759 432 892 512 Cumque
910 451 958 494 me
980 433 1132 496 discedere
1153 433 1190 494 ab
1212 454 1248 497 eo

133 528 234 592 monte
257 518 440 582 simulassem
465 526 494 580 et
512 519 584 582 alias
603 527 704 599 partes
725 516 842 580 Ciliciae
859 525 976 595 petere,
997 517 1190 598 abessemque
1211 519 1248 580 ab

133 605 319 667 Amano'iter
333 604 420 668 nnius
438 602 498 666 diei
518 611 548 664 et
566 612 664 666 castra
683 602 763 681 apud
776 601 979 682 Epiphaneam
999 602 1149 673 fecissem,
1168 621 1195 663 a.
1218 604 1247 663 d.
1349 667 1354 674 ,

134 709 197 753 1111.
218 688 289 750 ldus
310 687 469 759 Octobres,
498 706 567 750 curn
590 687 863 764 advesperasceret,
892 685 1028 764 expedito
1054 687 1185 748 exercitu
1208 689 1249 748 ita

133 780 223 835 noctu
236 774 293 836 iter
305 773 375 843 ieci,
391 779 425 836 ut
438 791 464 834 a.
481 772 510 833 d.
525 793 572 834 111.
588 771 657 833 ldus
672 770 833 839 Octobres,
849 788 917 833 cum
930 768 1101 841 lucisceret,
1117 773 1148 832 in
1161 771 1248 834 hma-

131 876 206 921 num
224 857 433 928 ascenderem,
456 855 678 936 distributisque
699 854 871 916 cohortibus
892 862 921 916 et
941 854 1071 924 auxiliis,
1093 872 1161 916 cum
1185 855 1249 927 aliis

132 942 168 1014 Q.
184 943 276 1003 frater
296 941 410 1019 legatus
430 959 548 1003 mecum
567 940 669 1010 simul,
690 939 755 1000 aliis
775 938 806 999 C.
821 938 1005 1018 Pomptinius
1025 939 1155 1017 legatus,
1178 940 1248 1001 reli·

132 1028 198 1105 quis
212 1026 250 1087 Μ.
267 1027 398 1092 turdus
411 1032 442 1087 et
456 1026 488 1088 L.
506 1024 637 1086 'lulleius
656 1024 745 1101 legati
770 1030 958 1101 praeessent,
979 1022 1138 1103 plerosque
1158 1042 1249 1086 neco·

130 1112 267 1189 pinantes
291 1111 507 1189 oppressimus,
529 1111 582 1188 qui
609 1110 699 1170 occisi
723 1108 859 1186 captique
884 1114 966 1178 sunt,
991 1107 1143 1169 interclusi
1168 1109 1247 1187 iuga.

130 1195 259 1256 Eranam
280 1189 395 1265 autem,
423 1212 498 1273 quae
519 1194 574 1256 tuit
593 1210 654 1254 non
679 1193 737 1253 rici
762 1193 854 1254 instar
886 1192 940 1254 sed
960 1191 1058 1264 urbis,
1084 1193 1248 1271 quoderat
1276 1243 1291 1250 -

130 1279 237 1340 Amani
257 1285 358 1357 caput,
380 1279 510 1357 itemque
526 1277 667 1358 Sepyram
688 1284 718 1337 et
732 1275 927 1347 Commorim,
949 1277 1058 1339 acriter
1078 1283 1108 1338 et
1128 1277 1180 1338 diu
1198 1294 1247 1337 re·

131 1362 347 1443 pugnantibus,
359 1362 524 1438 Pomptinio
534 1361 614 1423 illam
626 1368 741 1439 partem
752 1361 856 1422 Amani
869 1369 1002 1431 tenente,
1021 1379 1058 1422 ex
1073 1359 1247 1424 antelucano

132 1456 268 1525 tempore
280 1464 375 1524 nsque
387 1446 421 1507 ad
433 1445 538 1506 horam
548 1447 606 1507 diei
618 1447 780 1516 decimam,
796 1463 902 1524 magna
912 1444 1097 1508 multitudine
1113 1446 1243 1507 hostium
1352 1461 1359 1474 ¹

131 1531 246 1599 occisa,
272 1532 403 1609 cepimus
423 1529 602 1611 castellaque
621 1532 650 1590 ui
669 1535 756 1609 capta
780 1528 934 1609 complura
953 1528 1147 1592 incendimus.
1191 1531 1244 1593 His
1265 1535 1285 1597 9

131 1613 223 1676 rebus
244 1616 284 1677 ita
303 1616 405 1693 gestis,
430 1621 528 1676 castra
546 1617 576 1675 in
598 1612 747 1676 radicibus
765 1614 870 1675 Amani
891 1614 1050 1675 habuimus
1072 1615 1151 1695 apud
1171 1614 1246 1677 Aras

131 1698 289 1760 Alexandri
316 1697 530 1778 quadriduum,
558 1706 588 1760 et
612 1700 643 1760 in
668 1696 800 1777 reliquiis
821 1700 926 1759 Amani
951 1697 1084 1760 delendis
1109 1700 1245 1778 agrisque

131 1782 292 1853 vastandis,
310 1801 385 1862 quae
399 1801 470 1862 pars
485 1785 550 1845 eius
568 1783 676 1846 montis
696 1801 781 1845 meae
806 1783 975 1860 provinciae
998 1791 1055 1852 est,
1077 1783 1107 1844 id
1127 1789 1244 1861 tempus

32 1909 37 1920 .
129 1884 218 1927 omne
234 1869 480 1945 consumpsimus.
525 1867 673 1929 Confectis
693 1866 740 1928 his
753 1866 844 1928 rebus
861 1867 899 1928 ad
913 1866 1054 1948 oppidum
1068 1866 1242 1929 Eleuthero·
1265 1872 1305 1932 10

129 1949 247 2013 cilicum
260 1951 466 2014 Pindenissum
489 1953 653 2015 exercitum
673 1951 798 2020 adduxi;
817 1952 898 2031 quod
918 1970 985 2013 cum
1008 1959 1085 2014 esset
1105 1950 1244 2013 altissimo

131 2042 160 2095 ot
174 2036 369 2106 munitissimo
383 2035 450 2097 loco
468 2035 506 2098 ab
522 2038 616 2116 iisque
631 2035 828 2106 incoleretur,
852 2035 902 2114 qui
922 2054 960 2097 ne
980 2035 1101 2114 regibus
1124 2036 1245 2116 quidem

129 2136 260 2198 unquam
282 2121 466 2198 paruissent3
488 2139 558 2182 cunr
582 2128 611 2181 et
625 2120 762 2199 fugitivos
776 2121 944 2199 reciperent
959 2126 988 2181 et
1001 2119 1180 2183 Parthorum
1193 2120 1244 2181 ad-

129 2210 250 2265 rentum
276 2207 420 2266 acerrime
444 2211 664 2284 exspectarent,
692 2204 730 2265 ad
759 2205 1005 2267 existimationem
1029 2206 1148 2284 imperii
1174 2223 1244 2284 per-

129 2288 225 2350 tinere
246 2287 409 2351 arbitratus
425 2307 490 2351 sum
515 2290 714 2370 comprimere
734 2306 838 2351 eorum
858 2289 1022 2358 audaciam,
1050 2307 1109 2369 quo
1129 2288 1245 2351 iacdius

129 2374 222 2434 etiam
249 2379 415 2434 ceterorum
446 2375 550 2443 animi,
579 2376 632 2453 qui
658 2373 744 2435 alieni
773 2381 872 2435 essent
900 2373 937 2435 ab
969 2376 1094 2453 imperio
1125 2382 1257 2445 nostro,=

128 2456 347 2533 frangerentur.
391 2454 473 2518 Vallo
495 2465 525 2519 et
544 2460 623 2520 fossa
642 2458 838 2527 circumdedi;
862 2476 913 2519 sex
936 2457 1061 2520 castellis
1081 2460 1242 2537 castrisque

128 2541 267 2602 maximis
293 2542 403 2620 saepsi;
437 2559 562 2620 aggere,
594 2544 701 2628 uineis,
734 2542 867 2604 turribus
899 2543 1080 2622 oppugnati;
1111 2560 1242 2621 ususque

128 2625 285 2686 tormentis
307 2624 421 2695 multis,
441 2625 540 2687 multis
557 2627 731 2706 sagittariis,
754 2644 861 2705 magno
879 2625 981 2687 labore
997 2644 1078 2697 meo,
1098 2629 1161 2689 sine
1182 2626 1243 2687 ulla

128 2706 264 2768 molestia
282 2716 437 2787 sumptuve
454 2712 617 2782 sociorum,
635 2712 759 2788 septimo
773 2713 1014 2791 quinquagesimo
1030 2710 1075 2772 die
1091 2729 1155 2772 rem
1171 2728 1241 2772 con·

128 2792 201 2863 feci,
217 2801 248 2853 nt
265 2793 403 2855 omnibus
416 2794 646 2873 partibusurhis
661 2795 830 2856 disturbatis
845 2796 1036 2856 antinoensis
1052 2794 1196 2875 compulsi
1211 2797 1242 2856 in

125 2883 303 2955 potestatem
318 2896 414 2940 meam
430 2881 627 2957 pervenirent.
658 2879 710 2939 His
721 2885 807 2939 erant
815 2880 930 2940 finitimi
939 2881 1005 2958 pari
1015 2877 1129 2941 scelere
1146 2887 1176 2940 et
1188 2897 1242 2939 an·

129 2959 211 3022 dacia
219 2961 370 3034 Tibarani;
382 2964 419 3025 ah
430 2965 475 3034 iis,
482 2964 655 3026 Pindenisso
667 2970 764 3043 capto,
777 2962 895 3025 obsides
907 2965 1024 3043 accepi;
1037 2965 1200 3024 exercitum
1211 2964 1242 3023 in

127 3043 253 3107 hiberna
268 3048 374 3110 dimisi.
407 3047 440 3118 Q.
453 3049 576 3108 tratrem
587 3049 705 3125 nogotio
720 3049 888 3126 praeposui,
906 3055 939 3108 ut
953 3049 984 3107 in
998 3048 1068 3107 vicis
1083 3058 1133 3108 ant
1148 3047 1241 3126 captis

128 3137 179 3189 aut
194 3130 271 3192 male
285 3133 396 3210 pacatis
413 3134 560 3193 exercitus
576 3131 780 3193 collocaretur.
823 3131 909 3193 Nunc
928 3130 1013 3193 velim
1034 3132 1077 3192 sic
1099 3130 1153 3193 tibi
1169 3149 1237 3211 por·
1261 3138 1299 3198 11

124 3295 206 3359 jetzt.
216 3296 258 3329 ’-
269 3297 508 3366 reposcentibus]
527 3316 566 3353 sc.
579 3298 616 3353 iis
630 3298 657 3352 d.
709 3298 761 3351 der
773 3297 868 3351 Pallas
886 3299 943 3351 und
961 3299 1022 3350 dem
1035 3299 1174 3351 Herakles
1191 3315 1241 3364 ge·

128 3362 148 3415 i.
162 3360 291 3413 urbibus.
302 3390 336 3401 -
352 3364 510 3432 Pomptinis
523 3402 530 3418 .
543 3403 551 3418 .
563 3373 658 3419 tenen·
709 3366 805 3418 weiht.
823 3395 855 3404 —
873 3364 1016 3433 reliqniis]
1037 3365 1065 3417 d.
1083 3367 1108 3419 h.
1126 3365 1171 3417 die
1185 3365 1239 3417 Be-

128 3435 157 3480 te
186 3427 557 3495 Pomptiniusmusstesieh
575 3433 658 3501 lenge
710 3433 826 3486 wohner
861 3434 910 3485 des
939 3433 1062 3485 Amanus
1092 3432 1149 3485 und
1178 3431 1239 3484 ihre

128 3495 157 3548 ul
171 3495 217 3547 ein
234 3495 344 3577 holten,
361 3498 415 3578 bis⁴
426 3498 526 3551 Cicero
544 3500 591 3554 die
608 3517 659 3554 en·
709 3500 884 3553 Wohnsitze.
904 3528 938 3538 -
949 3518 1022 3566 quae
1040 3518 1109 3567 pars
1128 3540 1135 3555 .
1152 3541 1159 3552 .
1178 3499 1235 3566 est]
1322 3512 1323 3517 ’

128 3564 201 3616 dern
224 3564 332 3616 Fernde
354 3565 467 3633 bearegt
494 3565 572 3619 hatte
601 3567 659 3621 und
708 3568 741 3620 in
758 3569 819 3621 dene
832 3567 927 3622 Toeto
944 3568 1118 3633 desBmpm,
1137 3569 1186 3619 der
1202 3584 1239 3619 zat

127 3630 185 3683 ihm
202 3630 289 3683 Hiilfs
304 3631 432 3684 bruohts.
455 3633 514 3685 Att.
529 3634 566 3684 V.
577 3638 620 3686 20.
632 3639 658 3688 3.
708 3636 813 3689 meiner
825 3637 947 3689 Prooe'nz
957 3637 1064 3703 pebdrt.

127 3698 251 3750 castello
285 3699 486 3766 munitissimo,
521 3707 659 3754 nocturno
744 3708 785 3756 lo.
802 3699 1240 3783 Eleutherocilicomldersreien

126 3772 249 3834 tempore
257 3767 408 3835 Pomptinii
417 3768 550 3834 adventu,
561 3777 658 3821 nostro
710 3771 829 3835 Cilicier,
842 3772 907 3823 weil
921 3772 963 3823 sie
973 3771 1044 3823 noch
1054 3770 1132 3822 nicht
1142 3776 1240 3822 unter-

125 3834 282 3897 motutioo‚
309 3835 438 3902 cepimus.
473 3835 656 3904 Pomptinius
709 3838 819 3889 worfen
836 3855 941 3890 waren.
958 3866 990 3876 -
1008 3856 1070 3890 cum
1086 3875 1094 3891 .
1112 3874 1119 3889 .
1136 3838 1239 3905 recipc-

127 3917 188 3953 wur
210 3900 248 3954 irn
264 3900 370 3969 Kriege
392 3918 483 3970 gegen
500 3905 657 3984 Spartacus
708 3903 789 3985 reret]
812 3906 870 3957 Des
892 3904 993 3956 zweite
1010 3922 1072 3956 eum
1087 3906 1168 3971 giebt
1184 3907 1238 3957 den

127 3966 219 4036 Legat
239 3971 288 4022 des
307 3968 428 4023 Crassus
448 3970 505 4023 und
523 3989 561 4025 nu
578 3971 605 4023 J.
624 3974 661 4024 63¹
708 3971 864 4039 apeerellen
881 3972 983 4024 Grund
1001 3988 1050 4035 an,
1068 3989 1174 4025 uvarum
1193 3972 1239 4025 ci-

126 4033 248 4089 Praetor
259 4053 401 4103 genesen.
709 4056 775 4091 cero
789 4038 835 4092 die
847 4039 933 4091 Stndt
945 4039 1094 4105 engreifen
1111 4057 1146 4092 zu
1164 4039 1238 4092 mnis-

162 4106 187 4155 9.
199 4105 273 4155 Aras
281 4104 450 4172 Alexandri]
462 4105 547 4159 Diese
557 4106 657 4158 Altino
709 4123 759 4158 sen
777 4106 902 4172 gleubte.
927 4133 961 4143 -
981 4106 1134 4175 sopitione]
1150 4114 1236 4172 „ent

128 4167 206 4247 hatte
217 4171 379 4224 Alexander
391 4173 462 4226 nach
475 4174 582 4227 seinem
595 4174 658 4226 sis·
708 4173 822 4238 lonssur
844 4175 992 4225 Sclaven.“
1020 4202 1053 4211 —
1082 4173 1233 4242 compulsi]

126 4251 163 4301 ge
171 4237 351 4293 uberDarius
361 4239 491 4295 beilssus
503 4242 565 4295 dero
572 4241 655 4306 Zeus,
707 4241 759 4305 ,μή
771 4241 816 4293 die
827 4240 907 4308 Enqe
917 4241 1085 4308 perdensam
