3000 4650
539 282 568 352 o.
585 281 861 340 ruttrcsucnao.
925 288 927 295 ·
1127 351 1132 356 ,
1217 278 1257 342 51

143 465 208 508 earo
225 448 378 516 rationem,
391 465 447 526 qua
459 446 555 519 adhuc
566 465 637 508 usus
648 465 689 517 es,
704 454 736 508 ut
747 465 807 517 eos,
821 464 896 524 quos
907 454 974 508 tuae
985 447 1054 509 fidei
1063 450 1258 529 potestatique

143 536 260 594 senatus
272 530 456 611 populusque
463 531 612 593 Romanus
624 533 770 592 commisit
781 538 809 593 et
820 532 952 602 credidit,
965 531 1067 609 diligas
1079 539 1108 594 et
1120 535 1200 595 omni
1209 552 1257 596 ra·

143 618 223 677 tione
237 624 348 686 tueare,
362 623 392 677 et
408 633 472 676 esse
484 616 768 696 quam‘beatissimos
777 615 857 677 velis.
880 616 989 688 Quodsi
1000 624 1029 677 te
1039 635 1105 678 sors
1117 619 1195 678 utris
1208 627 1259 680 aut

143 699 280 780 llispanis
294 707 344 761 aut
359 699 664 778 Gallispraclecisset,
679 700 858 762 immanibus
880 719 914 760 ao
934 701 1070 763 barbaris
1081 702 1257 772 nationibus,

142 791 240 845 tamen
256 791 333 847 essct
346 785 535 847 humanitatis
548 792 617 847 tuae
633 785 788 846 consulere
803 803 908 846 eorum
918 781 1082 848 commodis
1099 794 1129 847 et
1144 786 1258 848 utilitati

142 867 286 949 salutique
297 872 416 932 servire.
432 869 504 931 Cum
517 887 587 932 vero
598 871 625 930 ei
636 871 738 949 generi
748 868 901 931 hominum
912 872 1086 949 praesimus,
1098 888 1158 932 non
1168 871 1273 931 modo'

143 955 173 1013 in
188 971 249 1034 quo
265 955 329 1033 ipso
345 957 397 1026 sit,
414 955 467 1016 sed
485 955 572 1016 etiam
586 973 602 1015 a
618 972 677 1034 quo
693 954 730 1014 ad
745 953 817 1018 alios
830 955 1000 1033 pervenisse
1017 961 1138 1034 putetur
1153 957 1271 1021 huma-2
1346 987 1349 990 ⁴

142 1039 233 1109 nitas,
250 1046 331 1100 certe
344 1041 381 1100 iis
396 1057 461 1100 eam
476 1040 660 1119 potissimum
674 1039 808 1100 tribuere
822 1038 973 1109 debemus,
990 1039 1128 1119 aquibus
1143 1042 1271 1119 accepi-i

143 1141 217 1184 mus.
253 1122 318 1184 Non
334 1124 411 1186 enim
428 1143 476 1184 me
490 1123 548 1185 hoc
562 1125 618 1184 iam
634 1123 733 1186 dicere
748 1122 886 1202 pudebit,
909 1123 1084 1202 praesertim
1098 1126 1128 1184 in
1145 1143 1180 1186 ea
1197 1110 1317 1193 rita³28

142 1213 231 1284 atque
250 1209 286 1268 iis
310 1207 402 1269 rebus
421 1209 525 1286 gestis,
544 1210 574 1268 in
596 1207 703 1288 quibus
722 1226 782 1268 non
802 1215 899 1286 potest
919 1209 1051 1270 residere
1070 1210 1194 1271 inertiae
1208 1217 1258 1271 aut

142 1290 266 1352 levitatis
282 1292 340 1352 ulla
356 1293 498 1370 suspicio,
515 1311 633 1367 nossa,
652 1310 728 1371 quae
745 1295 896 1354 consecuti
912 1311 1029 1363 sumus,
1049 1295 1084 1352 iis
1104 1293 1207 1354 studiis
1229 1302 1258 1354 et

142 1375 256 1436 artibus
276 1394 340 1438 esse
361 1376 498 1456 adeptos,
518 1395 593 1456 quae
612 1379 670 1437 sint
690 1377 776 1438 nobis
791 1379 933 1440 Graeciae
954 1379 1151 1438 monumentis
1172 1378 1256 1438 disci-

142 1460 289 1539 plinisque
303 1462 416 1526 tradita.
460 1459 558 1532 Quare
575 1469 694 1541 praeter
707 1479 893 1524 communem
908 1461 1012 1533 fidem,
1028 1481 1104 1541 quae
1119 1461 1257 1524 omnibus

143 1544 277 1615 debetur,
295 1554 449 1628 praeterea
464 1565 519 1607 nos
533 1547 581 1606 isti
595 1546 749 1607 hominum
767 1548 868 1623 generi
883 1547 1042 1625 praecipue
1055 1546 1166 1607 debere
1178 1547 1256 1608 ride·
1299 1614 1301 1618 ,

143 1647 220 1700 mur,
237 1636 278 1700 ut,
290 1648 417 1710 quorum
433 1633 598 1709 praeceptis
613 1648 714 1692 sumus
730 1631 846 1700 eruditi,
862 1630 939 1709 apud
954 1648 1005 1690 eos
1020 1633 1108 1709 ipsos,
1126 1630 1204 1710 quod
1219 1631 1256 1691 ab

143 1715 180 1774 iis
195 1714 392 1786 didicerimus,
408 1714 533 1780 velimus
546 1731 731 1794 expromere.

226 1797 262 1860 X.
298 1799 393 1881 Atque
406 1799 456 1860 ille
469 1799 587 1879 quidem
601 1801 740 1880 princeps
755 1801 865 1879 ingenii
883 1806 912 1860 et
925 1800 1076 1861 doctrinae
1091 1798 1174 1860 Plato
1188 1808 1250 1860 tum
1274 1807 1315 1866 29

143 1883 268 1963 denique
285 1883 350 1946 lore
365 1883 466 1945 beatas
484 1883 679 1964 respublicas
695 1887 822 1964 putavit,
844 1885 870 1945 si
891 1891 941 1945 aut
964 1885 1042 1945 docti
1066 1890 1095 1944 et
1109 1885 1256 1963 sapientes

143 1967 277 2030 homines
289 1987 338 2030 eas
353 1986 458 2048 regere
474 1971 648 2048 coepissent,
666 1976 715 2029 aut
728 1971 759 2039 ii,
776 1970 827 2046 qui
841 1975 990 2048 regerent,
1001 1986 1089 2030 omne
1098 1987 1186 2030 suum
1196 1968 1257 2030 stu'·

143 2051 224 2114 dium
248 2054 277 2113 in
299 2054 433 2115 doctrina
454 2060 483 2114 et
502 2053 643 2132 sapientia
671 2051 872 2114 collocassent.
912 2051 994 2112 Hanc
1019 2054 1255 2114 coniunctionem

142 2136 276 2198 videlicet
290 2139 442 2217 potestatis
458 2145 487 2199 ct
499 2138 659 2217 sapientiae
676 2136 762 2197 saluti
776 2138 890 2199 censuit
903 2136 1067 2197 civitatibus
1081 2155 1145 2198 esse
1158 2155 1269 2217 posse

144 2219 227 2290 Quod
242 2221 367 2282 fortasse
388 2221 545 2304 aliquando
560 2222 713 2282 universae
728 2224 772 2282 rei
792 2219 929 2300 publicae
943 2228 1076 2291 nostrae,
1097 2239 1178 2284 nunc
1192 2223 1255 2302 qui·

141 2305 208 2369 dem
222 2305 356 2385 prolecto
373 2307 421 2368 isti
440 2308 609 2387 provinciae
624 2307 760 2384 contigit,
786 2312 819 2366 ut
842 2306 916 2366 isin
944 2325 978 2368 ea
1003 2324 1150 2369 summam
1171 2315 1254 2389 pote·

142 2397 247 2451 statem
271 2390 409 2461 haberet,
430 2394 478 2453 cui
497 2394 529 2452 in
548 2391 697 2463 doctrina,
725 2392 773 2451 cui
791 2392 823 2450 in
845 2393 952 2451 virtute
971 2399 1059 2469 atque
1073 2391 1254 2453 humanitate

105 2532 111 2541 ‚
141 2474 332 2553 percipienda
345 2475 505 2553 plurimum
519 2495 536 2536 a
550 2474 674 2555 pueritia
693 2474 782 2537 studii
802 2476 905 2537 luisset
924 2482 953 2536 et
972 2480 1122 2553 temporis.
1155 2474 1252 2546 Quare
1275 2484 1314 2544 30

142 2575 223 2626 cura,
241 2563 274 2617 ut
287 2558 335 2619 hic
350 2576 453 2630 annue,
472 2562 522 2638 qui
537 2558 574 2619 ad
590 2557 722 2620 laborem
734 2566 818 2621 tuum
834 2561 965 2631 accessit,
982 2560 1061 2621 idem
1077 2559 1113 2621 ad
1129 2561 1253 2622 salutem

141 2644 226 2703 Asiae
241 2649 418 2721 prorogatus
434 2661 498 2705 esse
513 2645 656 2705 videatur.
692 2643 836 2714 Quoniam
856 2646 887 2704 in
900 2651 931 2707 te
946 2645 1101 2706 retinendo
1118 2643 1174 2706 luit
1187 2647 1253 2706 Asia

142 2726 256 2788 lelioior
271 2744 358 2807 qnam
374 2744 429 2788 nos
445 2730 475 2789 in
489 2728 671 2799 deducendo,
688 2730 806 2808 perfice,
823 2736 856 2790 ut
870 2729 978 2791 laetitia
993 2730 1162 2808 provinciae
1176 2729 1252 2791 desi-

142 2810 256 2873 derium
277 2819 410 2874 nostrum
426 2812 562 2875 leniatur.
595 2813 726 2885 Etenim,
748 2815 773 2873 si
788 2818 818 2873 in
834 2814 1048 2891 promerendo,
1064 2820 1097 2874 ut
1110 2814 1163 2875 tibi
1180 2816 1254 2875 tanti

142 2896 270 2958 honores
292 2896 487 2967 haberentur,
512 2898 612 2977 quanti
632 2896 712 2958 haud
732 2899 794 2959 scio
817 2914 855 2959 an
875 2900 998 2968 nemini,
1020 2898 1100 2959 luisti
1121 2901 1252 2959 omnium

142 2980 395 3058 diligentissimus,
416 2981 509 3043 multo
530 2984 673 3043 maiorem
688 2984 718 3042 in
733 2979 781 3043 his
795 2981 959 3043 honoribus
972 2982 1089 3043 tuendis
1107 2982 1248 3043 adhibere

143 3064 321 3147 diligentiam
333 3066 433 3130 debes.
469 3066 612 3146 Equidem
624 3066 660 3127 de
671 3067 726 3129 isto
738 3084 847 3147 genere
862 3066 1007 3128 honorum
1018 3066 1088 3145 quid
1100 3068 1250 3136 sentirem,
1273 3074 1310 3135 31

141 3151 246 3227 scripsi
259 3151 296 3211 ad
311 3158 339 3213 te
356 3159 433 3213 ante.
464 3152 588 3232 Semper
604 3168 654 3212 eos
672 3153 786 3231 putavi,
802 3153 825 3212 si
842 3150 977 3230 vulgares
992 3159 1104 3222 essent,
1125 3150 1210 3220 riles;
1228 3153 1252 3211 si

141 3316 371 3382 sobrunpeweiee.
388 3347 421 3355 -
433 3321 511 3387 apud
525 3336 569 3373 eoa
581 3316 673 3389 ipsos]
724 3318 771 3371 ein
785 3335 880 3383 neuen,
893 3318 1109 3371 verschiedenes
1118 3317 1255 3371 Pridicat

141 3386 244 3449 pecude
256 3384 298 3435 oet
311 3387 407 3437 denen.
724 3386 1011 3439 auverbinden.—o'n
1021 3382 1253 3453 deducendo]d.i.

176 3455 217 3503 29.
236 3450 318 3503 Pluto
327 3453 362 3504 de
371 3469 431 3520 rep.
444 3472 471 3523 p.
481 3457 540 3506 476.
551 3454 584 3505 0.
595 3460 671 3521 sagtt
725 3454 813 3505 inden
821 3454 1056 3520 Bostrebungen‚
1074 3453 1156 3505 deine
1168 3452 1252 3505 ablo-

142 3511 195 3571 ἐάν
206 3514 245 3585 μὴ
258 3508 278 3585 ἦ
289 3513 319 3571 οἱ
335 3515 487 3587 φιλόσοφοι
504 3515 673 3587 paratorium·
725 3537 798 3588 sung
807 3520 1158 3580 carolomanum-tacti
1167 3520 1253 3572 liono-

141 3602 189 3637 σισ
207 3579 239 3637 ἐν
256 3590 320 3645 ταῖς
336 3579 453 3640 πόλεσιν
475 3576 489 3602 ”
501 3584 531 3639 ol
548 3588 674 3655 βασιλεῖς
726 3589 785 3655 ree]
795 3587 857 3640 Den
867 3588 1058 3641 Stcttholtern
1070 3589 1187 3640 worden
1197 3604 1252 3640 ron

141 3670 172 3705 τε
184 3652 238 3706 cdv
249 3650 395 3720 λεγόμενοι
408 3652 459 3706 καὶ
470 3606 609 3707 hordeaco
628 3672 675 3721 φι-
726 3655 986 3707 denProvinzialen
995 3655 1253 3725 oltTempel,Altai—

141 3715 320 3801 locoprp‘orose
331 3723 454 3788 γνησίως
465 3739 495 3775 τε
507 3720 557 3773 καὶ
570 3718 675 3783 [κανῶς
726 3740 767 3788 re,
780 3724 864 3777 Feste
875 3723 1007 3790 geweiht.
1019 3752 1050 3759 -
1060 3724 1139 3776 haud
1148 3724 1205 3774 scio
1214 3740 1252 3775 un

141 3786 190 3841 καὶ
202 3804 286 3840 τουτο
299 3784 340 3849 εἰς
351 3781 458 3841 ταύτὸν
470 3786 607 3857 §operiam
622 3785 673 3841 dri-
724 3788 839 3857 nemini]
847 3792 891 3843 An
897 3791 925 3842 in
933 3791 1186 3859 deterginzenden
1193 3790 1253 3843 ein-

141 3855 227 3922 ναμίς
243 3872 274 3907 τε
290 3853 422 3923 πολιτικὴ
444 3856 494 3909 καὶ
515 3858 674 3923 φιλοσοφία
724 3859 826 3911 lachen
837 3858 929 3925 Frage
945 3865 1019 3911 setzt
1033 3858 1097 3911 eine
1108 3858 1254 3925 Bejahung

141 3925 199 3975 ati..
220 3951 255 3961 ·-
274 3921 325 3989 ut]
340 3925 406 3976 dosa
423 3926 552 3977 nd'mlo'cd.
575 3954 606 3962 -
627 3927 673 3978 cui
724 3926 893 3990 vorans,hot
905 3926 964 3978 aleo
976 3925 1252 3989 affirmatirensinm

141 3991 292 4057 plurimum
315 4018 347 4029 -
371 3992 519 4059 temporis]
545 3995 595 4045 der
618 3995 671 4045 dec
723 3993 778 4045 wie
792 4009 892 4046 noune.
912 3993 1170 4059 DieseHinneigun
1201 4008 1253 4045 zur

141 4060 266 4123 priostum
275 4058 365 4111 Fleisa
376 4062 436 4111 und
449 4060 494 4112 die
504 4061 600 4112 meiete
608 4062 673 4113 Zea‘t
723 4059 870 4128 BeJ'ahnng
880 4061 929 4114 hat
943 4079 972 4113 es
984 4061 1055 4113 auch
1064 4061 1093 4111 in
1105 4009 1252 4111 beschub-

143 4126 255 4193 darauf
262 4128 424 4179 oerwendet.
723 4126 1251 4181 kenwienescioan=oielleieltt.Fam.

175 4198 217 4247 30.
234 4192 315 4261 idem]
336 4194 411 4246 Idem
432 4194 519 4259 auch,
537 4196 671 4260 zuplea'ch²
723 4194 894 4249 V1111.1c.1.
912 4196 1250 4262 eetidpuidemmuqnum,

142 4259 671 4329 dieotdazu,mitdemselbeuSubjecte
723 4271 807 4330 utque
819 4264 896 4315 baud
908 4264 964 4315 ecio
976 4279 1013 4313 un
1025 4261 1182 4311 mammem.

1005 4344 1050 4411 4*
