3000 4650
505 273 536 328 A.
551 271 696 330 MANLIUS
713 271 919 342 TORQUATUS.
1209 267 1278 334 159

152 433 215 496 ullo
226 436 257 496 in
268 436 391 514 proprio
404 434 549 515 periculo.
593 435 655 499 Nec
671 433 763 498 debes
777 442 819 506 tu,
835 453 903 497 cum
921 435 958 498 de
984 437 1042 497 tuis
1063 437 1186 516 cogitas,
1220 447 1272 500 aut

152 519 344 598 praecipuam
362 517 489 598 aliquam
503 519 652 581 lortuuam
669 517 820 599 postulare
843 528 894 581 aut
910 537 1097 581 communem
1119 539 1268 584 recusare.

154 601 198 664 Ile
214 610 243 664 te
255 610 352 665 autem
370 604 450 680 ipso,
481 602 645 682 Torquate,
665 609 710 665 est
728 611 812 664 tuum
827 604 870 665 sic
887 604 999 680 agitare
1014 604 1127 674 auimo,
1153 611 1186 665 nt
1205 623 1266 668 non
1287 612 1313 672 2

154 685 294 748 adhibeas
310 687 339 746 iu
354 685 508 748 consilium
523 688 734 768 cogitationum
748 695 867 748 tuarum
887 686 1124 764 desperationem
1153 696 1204 749 aut
1233 690 1270 750 ti·

153 788 278 832 morem.
322 769 383 832 Nec
398 771 477 831 euim
495 771 529 840 is,
547 772 639 850 quiin
655 779 686 832 te
700 771 798 832 adhuc
812 771 959 844 iniustior,
975 788 1063 849 quam
1078 777 1129 832 tua
1144 771 1273 850 dignitas

152 853 335 933 postulabat,
350 854 420 926 luit,
435 871 496 914 non
511 871 617 933 magna
632 856 715 930 signa
732 855 813 916 dedit
827 855 916 916 animi
931 872 1002 934 erga
1013 860 1043 916 te
1054 855 1185 934 mitigati.
1208 855 1271 919 Nec

152 945 251 999 tamen
267 939 294 999 is
307 939 386 1017 ipse,
401 955 492 1017 aquo
507 936 586 998 salus
596 939 715 1016 petitur,
731 937 822 1000 habet
835 937 1008 1017 explicatam
1024 945 1075 998 aut
1088 937 1270 1018 exploratam

152 1024 300 1085 rationem
321 1021 424 1084 salutis
446 1039 526 1082 suae.
570 1021 703 1100 Cumque
725 1023 859 1083 omnium
878 1012 1026 1084 bellorum
1048 1023 1143 1084 exitus
1166 1023 1272 1084 incerti

152 1108 220 1178 sint,
236 1105 273 1168 ab
289 1105 382 1168 altera
396 1105 515 1167 victoria
530 1104 583 1166 tibi
603 1104 770 1183 periculum
785 1105 903 1167 nullum
918 1123 982 1168 esse
995 1107 1160 1185 perspicio,
1190 1105 1269 1183 qnod

154 1190 273 1269 quidem
289 1191 455 1251 seiunctum
471 1190 509 1248 sit
520 1186 556 1249 ab
579 1189 711 1252 omnium
725 1191 860 1258 interitu;
877 1189 915 1250 ab
933 1189 1024 1252 altera
1041 1197 1072 1252 te
1083 1191 1180 1268 ipsum
1193 1207 1270 1251 nun-

156 1292 245 1353 quam
261 1274 396 1334 timuisse
411 1281 493 1334 certo
510 1274 580 1333 scio.
610 1271 772 1352 Reliquum
784 1278 844 1343 est,
861 1283 894 1336 ut
912 1282 940 1335 le
951 1274 981 1337 id
995 1275 1106 1352 ipsum,
1120 1274 1201 1351 qnod
1213 1290 1275 1351 ego.
1292 1284 1317 1346 3

93 1357 102 1364 '
154 1359 239 1437 quasi
254 1355 463 1419 consolationis
476 1354 543 1416 loco
567 1373 662 1435 pono,
684 1359 812 1420 maxime
825 1358 990 1429 excruciet,
1015 1375 1172 1422 commune
1190 1359 1270 1436 peri·

154 1441 253 1504 culum
270 1439 481 1520 reipublicae:
498 1442 581 1502 cuius
594 1443 668 1502 tanti
685 1441 770 1512 mali,
790 1441 922 1519 quamue
937 1440 1017 1503 docti
1038 1443 1093 1502 viri
1114 1440 1206 1504 multa
1226 1442 1270 1502 di·

154 1532 237 1598 cant,
253 1533 352 1587 tamen
367 1542 480 1595 vereor,
495 1542 535 1586 ne
549 1525 712 1586 consolatio
726 1525 806 1586 nulla
821 1526 915 1603 possit
930 1542 997 1587 vera
1011 1527 1142 1604 reperiri
1150 1531 1271 1604 praeter

152 1609 247 1682 illam,
263 1627 338 1689 quae
354 1615 434 1670 tauta
448 1617 507 1677 est,
524 1616 667 1686 quantum
681 1609 711 1670 in
730 1612 873 1687 cuiusque
887 1611 986 1670 animo
995 1609 1115 1669 roboris
1129 1615 1273 1687 estatqne

155 1711 327 1756 nervorum.
358 1692 388 1753 si
402 1694 481 1753 enim
496 1691 573 1754 bene
590 1694 701 1754 sentire
721 1703 863 1772 recteque
877 1693 977 1755 lacere
996 1694 1065 1754 satis
1080 1699 1124 1754 est
1142 1691 1179 1753 ad
1193 1691 1273 1754 bene

154 1778 301 1858 beateque
313 1777 477 1848 vivendum,
490 1794 605 1847 vereor,
620 1793 659 1840 ne
674 1795 753 1847 eum,
769 1780 866 1856 quise
885 1778 1064 1856 optimorum
1079 1773 1272 1838 consiliorum

154 1863 335 1925 conscientia
349 1869 516 1924 sustentare
534 1863 640 1939 possit,
654 1863 797 1922 miserum
815 1879 880 1924 esse
893 1861 978 1922 uelas
997 1861 1035 1921 sit
1056 1860 1164 1921 dicere.
1208 1859 1270 1920 Nec

155 1947 235 2008 euim
251 1963 307 2006 nos
322 1944 454 2006 arbitror
469 1946 611 2006 victoriae
625 1946 767 2025 praemiis
783 1946 886 2006 ductus
895 1945 1022 2022 patriam
1036 1943 1106 2004 olim
1120 1951 1150 2004 et
1159 1941 1274 2004 liberos

154 2039 183 2092 et
204 2029 336 2092 fortunas
351 2028 521 2109 reliquisse;
537 2029 589 2091 sed
605 2029 754 2109 quoddam
767 2029 854 2091 nobis
869 2029 1000 2088 ollicium
1014 2029 1126 2088 iustum
1141 2033 1171 2088 et
1185 2028 1270 2105 pium

154 2123 183 2176 et
198 2114 330 2177 debitum
343 2115 389 2174 rei
404 2112 539 2190 publicae
554 2120 733 2192 nostraeque
747 2113 882 2192 dignitati
899 2110 1071 2173 videbamur
1087 2112 1187 2189 sequi;
1203 2127 1269 2179 nec,

154 2217 222 2260 cum
238 2199 268 2259 id
283 2196 473 2266 faciebamus,
495 2205 689 2259 temeramus
706 2205 853 2267 amentes,
876 2202 909 2257 ut
924 2194 1076 2274 explorata
1092 2193 1178 2256 uobis
1191 2202 1271 2255 esset

153 2284 285 2346 victoria.
331 2280 429 2353 Quare
444 2282 470 2341 si
481 2280 510 2341 id
527 2282 638 2352 evenit,
660 2280 739 2361 quod
755 2279 990 2360 ingredientibus
1006 2278 1093 2342 nobis
1109 2281 1139 2341 in
1155 2295 1272 2341 oausam
1294 2286 1321 2345 42

153 2368 341 2448 propositum
362 2364 417 2427 luit
439 2366 575 2427 accidere
596 2383 700 2443 posse,
723 2382 784 2425 nou
806 2364 950 2427 debemus
963 2365 1003 2426 ita
1024 2363 1132 2425 cadere
1153 2363 1268 2431 animis,

155 2450 240 2529 quasi
253 2448 364 2529 aliquid
379 2452 520 2519 evenerit,
537 2450 616 2527 quod
628 2450 694 2511 lieri
707 2467 796 2529 posse
809 2466 961 2527 uunquam
975 2448 1149 2527 putarimus.
1173 2446 1272 2508 Simus

153 2536 246 2613 igitur
261 2552 294 2595 ea
310 2542 424 2603 mente,
441 2549 528 2610 quam
547 2534 623 2594 ratio
641 2540 671 2595 et
684 2535 793 2595 veritas
806 2531 998 2613 praescribit,
1020 2538 1053 2593 ut
1073 2530 1147 2591 nibil
1167 2531 1198 2591 in
1213 2530 1270 2589 rita

152 2618 240 2680 nobis
255 2617 463 2696 praestandum
478 2626 596 2696 praeter
611 2617 727 2695 culpam
741 2626 897 2695 putemus,
913 2633 1008 2694 eaque
1020 2633 1090 2676 cnm
1106 2630 1272 2683 careamus,

154 2704 252 2766 omnia
269 2702 397 2763 humana
416 2701 532 2779 placate
550 2709 580 2762 et
596 2701 747 2763 moderate
762 2702 902 2763 leramns.
945 2701 1041 2778 Atque
1054 2699 1130 2760 bace
1145 2716 1181 2760 eo
1204 2714 1272 2775 per-

153 2789 228 2849 tinet
242 2788 353 2856 oratio,
370 2793 402 2846 ut
416 2786 542 2863 perditis
555 2785 646 2847 rebus
658 2785 796 2849 omnibus
805 2794 909 2847 tamen
922 2786 987 2863 ipsa
1001 2784 1095 2845 virtus
1108 2801 1140 2844 se
1156 2788 1274 2842 susten·

156 2952 212 3005 det.
226 2980 258 2990 -
275 2952 390 3019 proprio
404 2949 548 3020 periculo]
573 2950 610 3002 im
628 2951 687 3003 Ge·
740 2950 801 3004 also
818 2950 895 3002 bier:
915 2950 959 3000 ‘er
976 2948 1015 3000 ist
1030 2948 1272 2999 mitdechreclc-

154 3025 271 3087 geniata
295 3034 330 3070 au
354 3019 405 3072 der
429 3018 615 3086 allgemeiueu
630 3019 689 3070 Ge·
738 3035 819 3084 nunp
834 3017 924 3068 seluce
940 3016 1035 3067 Baika
1050 3015 1136 3081 odllip
1151 3014 1190 3065 im
1206 3014 1272 3065 llei-

155 3088 230 3154 febr,
240 3085 687 3148 inderallesichbefauden,eine
738 3102 808 3149 nen,
827 3085 855 3136 d.
872 3083 899 3137 h.
913 3084 953 3135 iat
968 3083 1058 3134 acinco
1075 3081 1170 3133 Hellen
1185 3082 1277 3147 odlla'p

155 3170 227 3221 ganz
245 3154 403 3235 berondere
420 3152 687 3223 speclelleGefnlar.
738 3151 845 3233 pewloe’
866 3150 1034 3218 (Naegelsb.
1058 3148 1124 3201 scil.
1144 3166 1173 3217 p.
1198 3148 1274 3213 168).

155 3220 685 3353 '‘itt'tttmblotat{ittotai
739 3215 1272 3361 lititjltlttttnttltl,lt
1335 3285 1340 3291 1

158 3384 188 3399 ν-
200 3354 250 3408 Du
261 3355 357 3420 dorset
365 3354 444 3406 nlcbt
459 3354 501 3406 bei
513 3354 622 3407 Deliaco
634 3354 687 3405 Ge·
738 3348 1179 3423 Spauien.-ubclteruorctoriu]
1187 3364 1271 3401 wenn

156 3424 267 3476 dunben
278 3420 474 3473 dleFurcbtan
479 3422 572 3473 llatlec
579 3422 687 3477 alelen.
738 3420 880 3474 Caesario
887 3416 1151 3500 spaniensiegte.-
1161 3416 1272 3468 ubaltc-

156 3519 190 3529 —
207 3488 265 3541 Nec
280 3485 372 3554 emim]
396 3486 453 3540 Nec
471 3488 687 3557 correspondirt
738 3487 788 3554 ru]
802 3504 885 3539 wenn
896 3488 942 3538 dre
953 3483 1274 3552 Pompejauersiegtcn.

157 3556 236 3610 nicht
247 3555 298 3608 mit
310 3556 371 3609 dem
378 3554 529 3623 folgenden
538 3554 603 3619 Nec,
617 3572 685 3606 aon·
771 3560 796 3608 3.
814 3555 871 3606 loeo
883 3553 972 3621 puato]
996 3552 1026 3607 S.
1038 3568 1063 3603 z.
1075 3548 1114 3602 ΙΙ.
1126 3554 1171 3601 29.
1183 3554 1226 3600 12.
1238 3578 1271 3588 -

156 3626 227 3679 dero
249 3622 333 3676 beide
356 3623 455 3704 steben
479 3638 533 3675 unr
557 3637 612 3703 nm·
623 3622 686 3674 eine
737 3629 851 3689 praeter
861 3622 941 3673 illum
951 3619 1014 3686 cet]
1028 3619 1093 3686 Vgl.
1104 3617 1131 3668 d.
1142 3616 1211 3683 fulg.
1221 3616 1270 3695 lit.

157 3707 268 3812 {litt
282 3688 685 3810 lttltlttrffl'tltlsl
737 3681 1270 3819 {iffid‘liiblsffaillllliissss‘jll

155 3842 245 3895 neque
258 3825 339 3889 enim,
352 3841 439 3891 ueqne
451 3841 516 3877 vero
529 3824 586 3876 und
598 3840 686 3889 aeque
737 3820 1274 3889 dieWaffeuergriffen.—carplorotu„

155 3903 249 3947 tumen
265 3892 333 3945 tritt
347 3891 424 3943 'daun
440 3891 535 3958 biuflg
552 3890 607 3943 wie
624 3890 685 3943 bier
737 3888 821 3958 cicc]
840 3891 907 3943 duca
924 3890 976 3941 iria
997 3888 1095 3955 pamiae
1112 3902 1206 3937 waren
1224 3887 1278 3936 dee

158 3962 204 4015 eiu
222 3960 372 4029 folgenden
388 3974 458 4024 non,
483 3974 527 4011 um
546 3957 609 4011 eine
621 3975 688 4009 ver·
740 3958 842 4025 Sa'eqea.

157 4029 267 4083 atirlrte
299 4026 481 4079 Affirmatiou
514 4024 690 4077 ausaudrirlr-
772 4029 801 4076 4.
819 4024 920 4091 quasi]
938 4025 968 4076 S.
985 4022 1182 4077 a.l.ne.1.-
1197 4020 1275 4070 ratio

156 4092 427 4160 ken-iniustior]
441 4092 689 4158 niclataopereclrt.
739 4097 768 4143 et
790 4090 911 4157 veritus]
941 4090 1082 4155 Venerist
1100 4088 1162 4139 arud
1182 4085 1273 4137 erlc-

158 4191 192 4199 —
203 4160 357 4227 raficam]
375 4161 461 4212 Ratio
478 4159 568 4211 beisst
579 4158 689 4225 eigeut—
740 4158 865 4224 trecken,
879 4158 905 4210 d.
919 4156 939 4210 i.
952 4156 1132 4222 Erfabrnnp.
1141 4178 1178 4193 ··-
1188 4169 1272 4219 prue-

158 4228 215 4281 licb
232 4226 387 4297 Reolmunq
409 4228 477 4281 oder
495 4226 688 4292 barcennona,
740 4224 889 4291 standum]
907 4226 938 4277 S.
950 4240 975 4276 z.
988 4223 1026 4275 ΙΙ.
1040 4227 1080 4276 16.
1092 4225 1118 4273 2.
1129 4247 1164 4261 ·-
1176 4236 1209 4271 eu
1225 4226 1277 4271 tu·-
