3000 4650
14 3812 15 3815 ’
128 3803 152 3853 2.
185 3797 241 3850 Die
263 3797 353 3852 stelle
382 3798 578 3851 entbdlteiue
601 3798 659 3849 Zu-'

496 235 881 315 urrumriusrmucus.
1187 254 1248 320 193

111 419 242 503 [iudicio
259 421 400 489 maxima3
421 420 474 480 sed
496 438 579 481 amor
599 419 816 498 uoluntatisque
838 422 1004 484 coniunctio
1018 423 1086 500 plus
1100 432 1181 495 certe
1195 424 1249 485 ha·

131 503 185 564 bet
205 504 362 565 suavitatis.
399 503 503 582 ltaque
523 505 764 566 commemoratio
789 513 840 566 tua
861 512 1001 583 paternae
1024 507 1249 570 necessitudinis
1275 529 1278 533 ·
1362 567 1367 577 ,

120 584 411 674 'benevolentiaeque
429 589 508 658 eiuS,
526 605 613 666 quam
630 605 700 665 erga
715 606 763 648 me
780 606 797 648 a
812 591 937 665 pueritia
958 589 1145 662 contulisses,
1168 601 1247 653 oete·

134 687 296 748 rarumque
312 688 430 740 rerum,
454 689 528 750 quae
544 672 580 732 ad
596 689 659 732 cam
675 673 848 732 seutentiam
863 673 1066 751 pertinebant,
1090 674 1247 736 incredibi-

131 751 192 813 lem
206 754 278 814 mibi
291 753 430 816 laetitiam
444 754 614 817 attulerunt.
646 754 942 821 Rursusdeolaratio
962 758 1052 818 animi
1073 760 1131 826 tui.
1157 763 1286 837 quem2
1370 808 1378 822 .

131 835 259 898 haberes
276 837 313 899 de
329 838 496 917 republica
518 857 665 918 quemque
687 839 841 901 habiturus
859 857 954 910 esses,
975 841 1048 901 mibi
1068 849 1133 902 erat
1146 843 1247 904 iucun-

128 920 267 982 dissima:
283 941 379 1001 eoque
393 925 488 983 maior
503 930 567 984 erat
581 922 653 982 baec
669 921 792 992 laetitia,
815 923 896 1000 quod
913 923 951 986 ad
965 922 1183 1002 illa-'superiora
1198 944 1247 986 ac·

131 1004 264 1066 cedebat.
295 1006 397 1087 ltaque
411 1014 441 1068 te
457 1023 517 1067 non
532 1007 636 1068 hortor
652 1005 764 1077 solum,
785 1008 825 1067 mi
840 1006 964 1077 Plance,
985 1008 1039 1069 sed
1057 1007 1145 1086 plane
1160 1010 1247 1071 etiam

129 1106 203 1158 oro,
219 1089 297 1167 quod
311 1089 369 1150 leci
383 1091 419 1150 iis
438 1089 561 1161 litteris,
583 1089 689 1167 quibus
711 1099 743 1151 tu
765 1090 976 1152 humanissime
994 1091 1190 1169 respondisti,
1214 1103 1249 1154 ut

130 1179 192 1232 tota
207 1182 307 1235 mente
323 1175 461 1252 omnique
476 1175 566 1235 animi
580 1175 691 1252 impetu
705 1177 737 1234 in
750 1192 817 1234 rem
834 1173 983 1253 publicam
1001 1169 1168 1249 incumbas,¹
1196 1163 1262 1238 Ni·'

131 1253 173 1316 bil
188 1262 246 1326 est,
270 1257 348 1335 quod
365 1257 537 1319 tibimaiori
558 1258 667 1321 lructui
689 1256 860 1336 gloriaeque
875 1276 941 1320 esse
956 1259 1065 1336 possit;
1085 1275 1142 1320 nee
1160 1260 1246 1338 quid·

129 1357 219 1418 quam
239 1357 275 1402 er
295 1340 432 1402 omnibus
452 1341 543 1403 rebus
561 1341 697 1403 bumanis
719 1348 763 1403 est
782 1341 962 1419 praeclarius
982 1352 1033 1404 aot
1052 1344 1249 1420 praestantius

128 1441 218 1502 quam
231 1423 267 1485 de
278 1442 313 1486 re
324 1423 441 1504 publica
451 1424 528 1488 bene
539 1426 657 1488 mereri.
684 1424 789 1486 Adhuc
801 1427 879 1486 enim
893 1459 929 1469 -
944 1429 1055 1504 patitur
1064 1433 1115 1488 tua
1129 1445 1244 1490 summa
1266 1432 1285 1494 3
1349 1500 1352 1504 .

129 1506 295 1570 humanitas
311 1515 341 1571 et
354 1510 495 1588 sapientia
511 1515 571 1582 me,
590 1507 669 1588 quod
683 1511 825 1580 sentiam,
846 1508 940 1570 libere
955 1509 1055 1573 dicere
1070 1545 1112 1556 —
1126 1513 1246 1574 lortuua

129 1591 309 1667 suffragante
322 1593 429 1656 videris
447 1611 496 1656 res
510 1595 652 1655 maximas
668 1600 860 1661 consecutus;
884 1592 963 1671 quod
978 1610 1157 1674 quamquam
1182 1597 1245 1656 sine

129 1675 237 1736 virtute
251 1693 311 1737 non
322 1678 482 1757 potuisses,
499 1685 598 1739 tamen
614 1694 649 1737 er
664 1676 789 1738 maxima
806 1684 890 1755 parte
904 1694 954 1746 ea,
971 1695 1047 1756 quae
1063 1695 1094 1738 es
1109 1677 1244 1758 adeptus,

129 1758 266 1820 iortunae
281 1760 524 1840 temporibusque
541 1760 725 1822 tribuuntur:
747 1760 793 1820 bis
810 1759 994 1838 temporibus
1008 1759 1187 1822 difficillimis
1201 1761 1245 1824 rei

127 1840 263 1918 publicae
278 1845 419 1923 quidquid
434 1843 620 1914 subveneris,
636 1844 666 1904 id
683 1846 740 1906 erit
755 1850 849 1904 totum
864 1850 894 1905 et
908 1845 1063 1922 proprium
1078 1853 1171 1906 tuum.
1197 1845 1244 1906 ln·
1339 1886 1346 1898 ·

128 1925 269 1988 credibile
284 1936 329 1989 est
345 1930 477 1989 omnium
495 1930 616 1998 civium,
639 1926 806 1989 latronibus
821 1931 965 2006 exceptis,
988 1927 1089 1988 odium
1107 1929 1137 1988 in
1152 1929 1244 1990 Anto·

127 2009 225 2078 nium;
246 2029 352 2090 magna
373 2029 442 2090 spes
462 2015 492 2072 in
513 2020 542 2073 te
563 2019 592 2073 et
614 2014 645 2072 iu
674 2019 726 2072 tuo
749 2012 897 2080 exercitu,
925 2028 1032 2088 magna
1056 2015 1243 2089 exspectatio.

129 2091 232 2162 Cuius,
247 2112 302 2172 per
320 2096 406 2158 deos!
427 2099 539 2172 gratiae
554 2093 726 2174 gloriaeque
741 2113 811 2155 cave
825 2101 943 2173 tempus
958 2097 1082 2176 amittas
1115 2096 1165 2156 Sic
1180 2114 1245 2155 mo·

127 2193 199 2244 areo,
223 2185 254 2236 ut
274 2177 382 2247 lilium;
405 2179 446 2238 sic
466 2180 565 2249 laneo,
586 2186 619 2239 ut
635 2178 723 2246 mibi;
743 2179 785 2239 sic
799 2177 923 2247 hortor,
935 2185 977 2238 ut
992 2186 1022 2240 et
1036 2196 1091 2258 pro
1106 2180 1199 2258 patria
1215 2186 1245 2240 et

125 2277 345 2324 amicissimum.

526 2427 706 2491 Errsrons
728 2426 846 2491 XIIII.

552 2550 667 2609 CICERO
681 2550 820 2607 PLANCO.
929 2600 934 2604 .

107 2716 109 2723 ι
212 2680 293 2751 Quae
309 2680 424 2741 loeutus
445 2688 488 2742 est
502 2679 628 2741 Furnius
649 2686 750 2740 noster
774 2679 810 2741 de
830 2681 929 2741 animo
946 2687 997 2739 tuo
1017 2681 1049 2739 in
1063 2698 1128 2741 rem
1140 2677 1237 2757 publi·
1260 2686 1278 2747 1

127 2764 207 2835 cam,
228 2783 262 2825 ea
278 2766 443 2841 gratissima
461 2766 580 2825 luerunt
605 2765 719 2825 senatui
743 2763 912 2842 populoque
934 2764 1069 2823 Romano
1095 2763 1240 2842 probatis·

127 2850 217 2917 sima;
233 2867 309 2927 quae
326 2853 424 2909 autem
435 2849 572 2909 recitatae
588 2845 702 2909 litterae
714 2856 784 2907 sunt
796 2849 827 2907 in
842 2854 954 2915 senatu,
970 2864 1156 2925 nequaquam
1169 2864 1240 2907 con·

126 2932 237 2992 sentire
259 2950 326 2993 oum
341 2932 444 2992 Furuii
467 2933 599 2993 oratione
620 2932 700 2997 visae
723 2937 799 2991 sunt.
832 2930 916 2991 Pacis
939 2932 1019 2990 euim
1040 2939 1143 2991 auctor
1164 2948 1239 3000 eras,

126 3034 194 3077 cum
211 3015 322 3093 collega
338 3024 416 3090 tuus,
430 3017 474 3075 vir
486 3014 674 3085 clarissimus,
693 3014 895 3075 afoedissimis
910 3012 1074 3073 latronibus
1089 3013 1240 3075 obsidere·

126 3109 190 3167 tur;
212 3101 262 3179 qui
278 3108 328 3161 aut
342 3100 446 3178 positis
462 3100 553 3159 armis
571 3116 674 3176 pacem
690 3104 793 3177 petere
808 3096 925 3165 debent,
941 3104 1004 3167 aut,
1021 3097 1055 3165 si,
1074 3104 1241 3175 pugnantes
1325 3113 1328 3117 ’

129 3200 193 3242 eam
208 3182 371 3263 postulant,
392 3184 513 3244 victorii
538 3200 609 3260 pax,
631 3182 848 3261 nonpaotione
868 3181 1009 3260 parienda
1030 3187 1083 3241 est.
1121 3180 1180 3241 Sed
1205 3181 1241 3243 de
1328 3253 1331 3258 ¹

127 3284 200 3343 pace
215 3265 329 3327 litterae
344 3266 390 3327 rel
405 3266 507 3345 Lepidi
528 3264 573 3325 vel
588 3273 655 3326 tuae
670 3284 760 3344 quam
776 3267 807 3325 in
822 3272 1092 3343 partemacceptae
1106 3264 1180 3331 sint,
1204 3282 1240 3324 ex

161 3468 186 3516 2.
204 3463 328 3531 Rursus]
344 3466 375 3516 S.
384 3464 420 3515 II.
436 3467 559 3519 18.1.-
571 3463 659 3515 animi
711 3466 785 3529 quod
798 3469 922 3514 caretate
934 3462 1239 3530 sceleratesueceptum,
1343 3486 1347 3489 ·

127 3530 247 3597 impetu]
275 3530 659 3596 dasStrebea=dieKrust
710 3530 939 3581 latrocinium
954 3530 1049 3596 potius
1070 3530 1248 3596 quorrebel-¹

128 3600 175 3650 des
189 3596 302 3652 Geistes.
709 3599 778 3649 lum
789 3598 990 3650 nominaretur.
1117 3638 1122 3644 .
1174 3609 1195 3637 ο

161 3736 185 3784 ³·
203 3730 450 3798 1
512 3730 599 3783 2-111-
709 3695 1241 3830 circumacta·sititur

709 3831 762 3883 mit
784 3830 924 3883 Antonius
968 3830 1085 3883 eratben
1109 3831 1167 3881 und
1196 3830 1240 3881 ihr

127 3865 337 3933 rechtweisung
360 3866 407 3917 ᾗῇ
424 3865 470 3918 die
487 3867 587 3918 ΝΟΜ
609 3865 658 3917 ‘¹⁰³
710 3898 867 3952 schreiben
879 3848 979 3950 wardo
995 3915 1039 3949 am
1055 3896 1240 3950 semaraim

127 3933 250 3985 Plancus
269 3936 293 3997 S.
312 3936 327 3984 2
346 3932 372 3983 d.
391 3950 451 3985 vor.
464 3932 511 3985 Br.
525 3958 556 3969 -·
570 3934 658 3983 lutro-

126 4000 221 4122 aliti
236 3998 657 4133 {recluduntur
709 3964 983 4100 bilbili&
1001 3962 1240 4119 illidi

129 4134 262 4186 Catilina.
305 4133 429 4186 Tantum
455 4134 559 4203 profeci
582 4141 656 4197 tum,
711 4099 819 4151 ‘'usal’'

14 4218 20 4276 l,
126 4219 188 4253 oum
205 4210 231 4253 te
247 4220 265 4253 o
282 4200 431 4254 consulatu
448 4202 554 4268 repuli,
573 4202 656 4267 utici,
743 4198 1003 4267 meoinquietus]
1030 4199 1099 4253 Dec.
1123 4198 1240 4249 Brutus.

178 4290 194 4331 F
201 4303 259 4345 rep,
286 4292 369 4337 Ciceros
382 4303 480 4346 ausgew.
495 4292 575 4333 Briele.
602 4278 608 4296 ’
998 4290 1037 4352 13
