<?xml version="1.0" encoding="UTF-8"?>
<!DOCTYPE html PUBLIC "-//W3C//DTD XHTML 1.0 Transitional//EN"
    "http://www.w3.org/TR/xhtml1/DTD/xhtml1-transitional.dtd">
<html xmlns="http://www.w3.org/1999/xhtml" xml:lang="en" lang="en">
 <head>
  <title>
</title>
<meta http-equiv="Content-Type" content="text/html;charset=utf-8" />
  <meta name='ocr-system' content='tesseract 3.04.00' />
  <meta name='ocr-capabilities' content='ocr_page ocr_carea ocr_par ocr_line ocrx_word'/>
</head>
<body>
  <div class='ocr_page' id='page_1' title='image "ausgewhltebrief00freygoog_0115.png"; bbox 0 0 3000 4650; ppageno 0'>
   <div class='ocr_carea' id='block_1_1' title="bbox 503 292 1290 357">
    <p class='ocr_par' dir='ltr' id='par_1_1' title="bbox 503 292 1290 357">
     <span class='ocr_line' id='line_1_1' title="bbox 503 292 1290 357; baseline 0.001 -1"><span class='ocrx_word' id='word_1_1' title='bbox 503 299 619 356; x_wconf 78' lang='lat' dir='ltr'>APPIUS</span> <span class='ocrx_word' id='word_1_2' title='bbox 633 298 792 356; x_wconf 75' lang='lat' dir='ltr'>CLAUDIUS</span> <span class='ocrx_word' id='word_1_3' title='bbox 806 298 962 356; x_wconf 78' lang='lat' dir='ltr'><strong>PUlCllEli.</strong></span> <span class='ocrx_word' id='word_1_4' title='bbox 1229 292 1290 357; x_wconf 81' lang='lat'><strong>101</strong></span> 
     </span>
    </p>
   </div>
   <div class='ocr_carea' id='block_1_2' title="bbox 177 461 1290 798">
    <p class='ocr_par' dir='ltr' id='par_1_2' title="bbox 177 461 1341 798">
     <span class='ocr_line' id='line_1_2' title="bbox 177 461 1290 543; baseline -0.001 -17"><span class='ocrx_word' id='word_1_5' title='bbox 177 483 244 526; x_wconf 90' lang='lat' dir='ltr'><strong>eum</strong></span> <span class='ocrx_word' id='word_1_6' title='bbox 266 481 321 542; x_wconf 79' lang='lat' dir='ltr'><strong>ego</strong></span> <span class='ocrx_word' id='word_1_7' title='bbox 343 463 452 543; x_wconf 84' lang='lat' dir='ltr'>Ephesi</span> <span class='ocrx_word' id='word_1_8' title='bbox 470 464 529 524; x_wconf 88' lang='lat' dir='ltr'><strong>vidi</strong></span> <span class='ocrx_word' id='word_1_9' title='bbox 553 464 667 541; x_wconf 83' lang='lat' dir='ltr'><strong>fuitque</strong></span> <span class='ocrx_word' id='word_1_10' title='bbox 690 480 809 524; x_wconf 89' lang='lat' dir='ltr'><strong>mecum</strong></span> <span class='ocrx_word' id='word_1_11' title='bbox 838 461 1021 524; x_wconf 81' lang='lat' dir='ltr'><strong>familiariter</strong></span> <span class='ocrx_word' id='word_1_12' title='bbox 1049 463 1180 525; x_wconf 89' lang='lat' dir='ltr'><strong>triduum</strong></span> <span class='ocrx_word' id='word_1_13' title='bbox 1207 462 1290 534; x_wconf 86' lang='lat' dir='ltr'><strong>illud,</strong></span> 
     </span>
     <span class='ocr_line' id='line_1_3' title="bbox 177 546 1289 630; baseline -0.004 -19"><span class='ocrx_word' id='word_1_14' title='bbox 177 550 256 630; x_wconf 89' lang='lat' dir='ltr'><strong>quod</strong></span> <span class='ocrx_word' id='word_1_15' title='bbox 278 567 333 628; x_wconf 80' lang='lat' dir='ltr'><strong>ego</strong></span> <span class='ocrx_word' id='word_1_16' title='bbox 356 546 466 627; x_wconf 80' lang='lat' dir='ltr'><strong>Ephesi</strong></span> <span class='ocrx_word' id='word_1_17' title='bbox 489 553 688 609; x_wconf 86' lang='lat' dir='ltr'><strong>commoratus</strong></span> <span class='ocrx_word' id='word_1_18' title='bbox 709 565 791 616; x_wconf 83' lang='lat' dir='ltr'><strong>sum,</strong></span> <span class='ocrx_word' id='word_1_19' title='bbox 814 564 871 609; x_wconf 90' lang='lat' dir='ltr'><strong>nec</strong></span> <span class='ocrx_word' id='word_1_20' title='bbox 892 565 928 608; x_wconf 86' lang='lat' dir='ltr'><strong>cx</strong></span> <span class='ocrx_word' id='word_1_21' title='bbox 948 565 983 608; x_wconf 94' lang='lat' dir='ltr'><strong>eo</strong></span> <span class='ocrx_word' id='word_1_22' title='bbox 1004 547 1163 627; x_wconf 83' lang='lat' dir='ltr'><strong>quidquam</strong></span> <span class='ocrx_word' id='word_1_23' title='bbox 1184 548 1289 618; x_wconf 87' lang='lat' dir='ltr'><strong>audivi,</strong></span> 
     </span>
     <span class='ocr_line' id='line_1_4' title="bbox 177 631 1290 714; baseline -0.002 -20"><span class='ocrx_word' id='word_1_24' title='bbox 177 634 256 714; x_wconf 94' lang='lat' dir='ltr'><strong>quod</strong></span> <span class='ocrx_word' id='word_1_25' title='bbox 278 634 334 694; x_wconf 87' lang='lat' dir='ltr'><strong>sibi</strong></span> <span class='ocrx_word' id='word_1_26' title='bbox 355 652 372 693; x_wconf 92' lang='lat' dir='ltr'><strong>a</strong></span> <span class='ocrx_word' id='word_1_27' title='bbox 395 642 426 694; x_wconf 87' lang='lat' dir='ltr'><strong>te</strong></span> <span class='ocrx_word' id='word_1_28' title='bbox 446 633 617 694; x_wconf 84' lang='lat' dir='ltr'><strong>mandatum</strong></span> <span class='ocrx_word' id='word_1_29' title='bbox 638 632 759 692; x_wconf 90' lang='lat' dir='ltr'><strong>diceret.</strong></span> <span class='ocrx_word' id='word_1_30' title='bbox 799 631 841 692; x_wconf 81' lang='lat' dir='ltr'><strong>Ac</strong></span> <span class='ocrx_word' id='word_1_31' title='bbox 861 649 932 692; x_wconf 87' lang='lat' dir='ltr'><strong>sane</strong></span> <span class='ocrx_word' id='word_1_32' title='bbox 954 631 1059 693; x_wconf 88' lang='lat' dir='ltr'><strong>vellem</strong></span> <span class='ocrx_word' id='word_1_33' title='bbox 1077 633 1207 710; x_wconf 87' lang='lat' dir='ltr'><strong>potuisse</strong></span> <span class='ocrx_word' id='word_1_34' title='bbox 1223 650 1290 694; x_wconf 89' lang='lat' dir='ltr'><strong>enm</strong></span> 
     </span>
     <span class='ocr_line' id='line_1_5' title="bbox 177 715 1027 798; baseline -0.004 -19"><span class='ocrx_word' id='word_1_35' title='bbox 177 718 301 798; x_wconf 88' lang='lat' dir='ltr'><strong>obsequi</strong></span> <span class='ocrx_word' id='word_1_36' title='bbox 315 717 455 778; x_wconf 84' lang='lat' dir='ltr'><strong>roluutati</strong></span> <span class='ocrx_word' id='word_1_37' title='bbox 471 725 552 787; x_wconf 88' lang='lat' dir='ltr'><strong>tuae,</strong></span> <span class='ocrx_word' id='word_1_38' title='bbox 571 733 632 777; x_wconf 91' lang='lat' dir='ltr'><strong>non</strong></span> <span class='ocrx_word' id='word_1_39' title='bbox 649 715 871 778; x_wconf 77' lang='lat' dir='ltr'><strong>enimurbitror</strong></span> <span class='ocrx_word' id='word_1_40' title='bbox 888 716 1027 778; x_wconf 88' lang='lat' dir='ltr'><strong>noluisse.</strong></span> 
     </span>
    </p>
   </div>
   <div class='ocr_carea' id='block_1_3' title="bbox 484 879 981 1064">
    <p class='ocr_par' dir='ltr' id='par_1_3' title="bbox 484 879 981 1064">
     <span class='ocr_line' id='line_1_6' title="bbox 562 879 903 947; baseline -0.009 0"><span class='ocrx_word' id='word_1_41' title='bbox 562 881 742 947; x_wconf 78' lang='lat' dir='ltr'><strong>Errsrons</strong></span> <span class='ocrx_word' id='word_1_42' title='bbox 756 879 903 947; x_wconf 87' lang='lat' dir='ltr'>XXVII.</span> 
     </span>
     <span class='ocr_line' id='line_1_7' title="bbox 484 1005 981 1064; baseline -0.008 0"><span class='ocrx_word' id='word_1_43' title='bbox 484 1007 518 1064; x_wconf 88' lang='lat' dir='ltr'><strong>ll.</strong></span> <span class='ocrx_word' id='word_1_44' title='bbox 533 1006 648 1063; x_wconf 74' lang='lat' dir='ltr'><strong>cludro</strong></span> <span class='ocrx_word' id='word_1_45' title='bbox 664 1005 691 1062; x_wconf 89' lang='lat' dir='ltr'><strong>S.</strong></span> <span class='ocrx_word' id='word_1_46' title='bbox 707 1007 736 1061; x_wconf 90' lang='lat' dir='ltr'><strong>u.</strong></span> <span class='ocrx_word' id='word_1_47' title='bbox 751 1005 803 1062; x_wconf 84' lang='grc' dir='ltr'><strong>ΑΡ.</strong></span> <span class='ocrx_word' id='word_1_48' title='bbox 819 1005 981 1063; x_wconf 86' lang='lat' dir='ltr'><strong>PULCHRO.</strong></span> 
     </span>
    </p>
   </div>
   <div class='ocr_carea' id='block_1_4' title="bbox 124 1139 1335 3158">
    <p class='ocr_par' dir='ltr' id='par_1_4' title="bbox 170 1139 1335 2990">
     <span class='ocr_line' id='line_1_8' title="bbox 260 1139 1330 1216; baseline -0.004 -14"><span class='ocrx_word' id='word_1_49' title='bbox 260 1141 334 1202; x_wconf 81' lang='lat' dir='ltr'><strong>Cum</strong></span> <span class='ocrx_word' id='word_1_50' title='bbox 354 1157 455 1202; x_wconf 91' lang='lat' dir='ltr'><strong>meum</strong></span> <span class='ocrx_word' id='word_1_51' title='bbox 475 1139 584 1199; x_wconf 89' lang='lat' dir='ltr'><strong>iactum</strong></span> <span class='ocrx_word' id='word_1_52' title='bbox 605 1155 673 1198; x_wconf 90' lang='lat' dir='ltr'><strong>oum</strong></span> <span class='ocrx_word' id='word_1_53' title='bbox 693 1144 921 1216; x_wconf 79' lang='lat' dir='ltr'><strong>tuo-comparo,</strong></span> <span class='ocrx_word' id='word_1_54' title='bbox 945 1139 1001 1198; x_wconf 87' lang='lat' dir='ltr'><strong>etsi</strong></span> <span class='ocrx_word' id='word_1_55' title='bbox 1023 1153 1083 1199; x_wconf 89' lang='lat' dir='ltr'><strong>non</strong></span> <span class='ocrx_word' id='word_1_56' title='bbox 1102 1139 1196 1216; x_wconf 83' lang='lat' dir='ltr'><strong>magis</strong></span> <span class='ocrx_word' id='word_1_57' title='bbox 1217 1139 1289 1198; x_wconf 76' lang='lat' dir='ltr'><strong>milri</strong></span> <span class='ocrx_word' id='word_1_58' title='bbox 1312 1145 1330 1205; x_wconf 90' lang='lat'>1</span> 
     </span>
     <span class='ocr_line' id='line_1_9' title="bbox 175 1220 1291 1300; baseline 0.001 -17"><span class='ocrx_word' id='word_1_59' title='bbox 175 1224 259 1285; x_wconf 85' lang='lat' dir='ltr'><strong>faveo</strong></span> <span class='ocrx_word' id='word_1_60' title='bbox 276 1226 307 1286; x_wconf 93' lang='lat' dir='ltr'><strong>iu</strong></span> <span class='ocrx_word' id='word_1_61' title='bbox 320 1230 423 1284; x_wconf 90' lang='lat' dir='ltr'><strong>nostra</strong></span> <span class='ocrx_word' id='word_1_62' title='bbox 436 1224 562 1283; x_wconf 89' lang='lat' dir='ltr'><strong>amicitia</strong></span> <span class='ocrx_word' id='word_1_63' title='bbox 577 1221 686 1283; x_wconf 91' lang='lat' dir='ltr'><strong>tuenda</strong></span> <span class='ocrx_word' id='word_1_64' title='bbox 705 1239 793 1300; x_wconf 88' lang='lat' dir='ltr'><strong>quam</strong></span> <span class='ocrx_word' id='word_1_65' title='bbox 810 1220 877 1292; x_wconf 87' lang='lat' dir='ltr'><strong>tihi,</strong></span> <span class='ocrx_word' id='word_1_66' title='bbox 893 1229 992 1283; x_wconf 88' lang='lat' dir='ltr'><strong>tamen</strong></span> <span class='ocrx_word' id='word_1_67' title='bbox 1006 1222 1098 1283; x_wconf 90' lang='lat' dir='ltr'><strong>ruulto</strong></span> <span class='ocrx_word' id='word_1_68' title='bbox 1114 1223 1208 1300; x_wconf 82' lang='lat' dir='ltr'><strong>magis</strong></span> <span class='ocrx_word' id='word_1_69' title='bbox 1225 1239 1291 1284; x_wconf 87' lang='lat' dir='ltr'><strong>meo</strong></span> 
     </span>
     <span class='ocr_line' id='line_1_10' title="bbox 175 1305 1290 1386; baseline 0 -18"><span class='ocrx_word' id='word_1_70' title='bbox 175 1309 255 1369; x_wconf 90' lang='lat' dir='ltr'><strong>iacto</strong></span> <span class='ocrx_word' id='word_1_71' title='bbox 276 1307 406 1371; x_wconf 89' lang='lat' dir='ltr'><strong>delector</strong></span> <span class='ocrx_word' id='word_1_72' title='bbox 429 1325 516 1386; x_wconf 86' lang='lat' dir='ltr'><strong>quam</strong></span> <span class='ocrx_word' id='word_1_73' title='bbox 531 1314 593 1367; x_wconf 91' lang='lat' dir='ltr'><strong>tuo.</strong></span> <span class='ocrx_word' id='word_1_74' title='bbox 639 1305 702 1383; x_wconf 79' lang='lat' dir='ltr'><strong>Ego</strong></span> <span class='ocrx_word' id='word_1_75' title='bbox 718 1307 797 1366; x_wconf 88' lang='lat' dir='ltr'><strong>enim</strong></span> <span class='ocrx_word' id='word_1_76' title='bbox 815 1305 966 1368; x_wconf 89' lang='lat' dir='ltr'><strong>Brundisii</strong></span> <span class='ocrx_word' id='word_1_77' title='bbox 981 1309 1110 1386; x_wconf 82' lang='lat' dir='ltr'><strong>quaesivi</strong></span> <span class='ocrx_word' id='word_1_78' title='bbox 1128 1325 1163 1368; x_wconf 93' lang='lat' dir='ltr'><strong>ex</strong></span> <span class='ocrx_word' id='word_1_79' title='bbox 1180 1307 1290 1368; x_wconf 87' lang='lat' dir='ltr'><strong>Phania</strong></span> 
     </span>
     <span class='ocr_line' id='line_1_11' title="bbox 175 1389 1292 1471; baseline -0.002 -17"><span class='ocrx_word' id='word_1_80' title='bbox 175 1425 219 1438; x_wconf 90' lang='lat'>—</span> <span class='ocrx_word' id='word_1_81' title='bbox 240 1392 324 1454; x_wconf 89' lang='lat' dir='ltr'><strong>cuius</strong></span> <span class='ocrx_word' id='word_1_82' title='bbox 343 1391 416 1453; x_wconf 87' lang='lat' dir='ltr'><strong>mihi</strong></span> <span class='ocrx_word' id='word_1_83' title='bbox 437 1390 557 1452; x_wconf 82' lang='lat' dir='ltr'><strong>videbar</strong></span> <span class='ocrx_word' id='word_1_84' title='bbox 577 1398 607 1451; x_wconf 90' lang='lat' dir='ltr'><strong>et</strong></span> <span class='ocrx_word' id='word_1_85' title='bbox 627 1389 798 1452; x_wconf 83' lang='lat' dir='ltr'><strong>fidelitatem</strong></span> <span class='ocrx_word' id='word_1_86' title='bbox 819 1407 889 1468; x_wconf 82' lang='lat' dir='ltr'><strong>erga</strong></span> <span class='ocrx_word' id='word_1_87' title='bbox 913 1398 942 1454; x_wconf 92' lang='lat' dir='ltr'><strong>tc</strong></span> <span class='ocrx_word' id='word_1_88' title='bbox 960 1393 1145 1471; x_wconf 76' lang='lat' dir='ltr'><strong>perspexisse</strong></span> <span class='ocrx_word' id='word_1_89' title='bbox 1161 1399 1189 1452; x_wconf 91' lang='lat' dir='ltr'><strong>et</strong></span> <span class='ocrx_word' id='word_1_90' title='bbox 1203 1409 1292 1452; x_wconf 87' lang='lat' dir='ltr'><strong>nosse</strong></span> 
     </span>
     <span class='ocr_line' id='line_1_12' title="bbox 175 1475 1292 1556; baseline 0.004 -22"><span class='ocrx_word' id='word_1_91' title='bbox 175 1475 291 1548; x_wconf 88' lang='lat' dir='ltr'><strong>locum,</strong></span> <span class='ocrx_word' id='word_1_92' title='bbox 315 1493 402 1556; x_wconf 92' lang='lat' dir='ltr'><strong>quem</strong></span> <span class='ocrx_word' id='word_1_93' title='bbox 423 1475 501 1554; x_wconf 87' lang='lat' dir='ltr'><strong>apud</strong></span> <span class='ocrx_word' id='word_1_94' title='bbox 523 1482 553 1536; x_wconf 91' lang='lat' dir='ltr'><strong>te</strong></span> <span class='ocrx_word' id='word_1_95' title='bbox 574 1478 600 1537; x_wconf 85' lang='lat' dir='ltr'><strong>is</strong></span> <span class='ocrx_word' id='word_1_96' title='bbox 620 1481 736 1536; x_wconf 91' lang='lat' dir='ltr'><strong>teneret</strong></span> <span class='ocrx_word' id='word_1_97' title='bbox 758 1509 811 1544; x_wconf 88' lang='lat'><strong>-‚</strong></span> <span class='ocrx_word' id='word_1_98' title='bbox 835 1493 922 1555; x_wconf 87' lang='lat' dir='ltr'><strong>quarn</strong></span> <span class='ocrx_word' id='word_1_99' title='bbox 941 1478 971 1536; x_wconf 93' lang='lat' dir='ltr'><strong>in</strong></span> <span class='ocrx_word' id='word_1_100' title='bbox 990 1484 1104 1554; x_wconf 88' lang='lat' dir='ltr'><strong>partem</strong></span> <span class='ocrx_word' id='word_1_101' title='bbox 1124 1476 1292 1556; x_wconf 81' lang='lat' dir='ltr'><strong>provinciae</strong></span> 
     </span>
     <span class='ocr_line' id='line_1_13' title="bbox 176 1558 1335 1639; baseline 0.001 -19"><span class='ocrx_word' id='word_1_102' title='bbox 176 1563 304 1622; x_wconf 85' lang='lat' dir='ltr'><strong>maxime</strong></span> <span class='ocrx_word' id='word_1_103' title='bbox 323 1568 440 1639; x_wconf 89' lang='lat' dir='ltr'><strong>putaret</strong></span> <span class='ocrx_word' id='word_1_104' title='bbox 459 1566 489 1622; x_wconf 89' lang='lat' dir='ltr'><strong>te</strong></span> <span class='ocrx_word' id='word_1_105' title='bbox 509 1558 586 1621; x_wconf 84' lang='lat' dir='ltr'><strong>velle</strong></span> <span class='ocrx_word' id='word_1_106' title='bbox 603 1565 638 1620; x_wconf 90' lang='lat' dir='ltr'><strong>ut</strong></span> <span class='ocrx_word' id='word_1_107' title='bbox 653 1559 684 1617; x_wconf 90' lang='lat' dir='ltr'><strong>in</strong></span> <span class='ocrx_word' id='word_1_108' title='bbox 698 1558 886 1620; x_wconf 90' lang='lat' dir='ltr'><strong>succedendo</strong></span> <span class='ocrx_word' id='word_1_109' title='bbox 902 1562 1030 1637; x_wconf 89' lang='lat' dir='ltr'><strong>primum</strong></span> <span class='ocrx_word' id='word_1_110' title='bbox 1043 1562 1184 1622; x_wconf 82' lang='lat' dir='ltr'><strong>venirem.</strong></span> <span class='ocrx_word' id='word_1_111' title='bbox 1219 1559 1291 1622; x_wconf 88' lang='lat' dir='ltr'><strong>Cum</strong></span> <span class='ocrx_word' id='word_1_112' title='bbox 1332 1585 1335 1594; x_wconf 48' lang='lat'>*</span> 
     </span>
     <span class='ocr_line' id='line_1_14' title="bbox 176 1640 1292 1723; baseline 0 -19"><span class='ocrx_word' id='word_1_113' title='bbox 176 1644 225 1706; x_wconf 90' lang='lat' dir='ltr'><strong>iile</strong></span> <span class='ocrx_word' id='word_1_114' title='bbox 245 1645 317 1706; x_wconf 84' lang='lat' dir='ltr'><strong>mihi</strong></span> <span class='ocrx_word' id='word_1_115' title='bbox 339 1643 555 1723; x_wconf 85' lang='lat' dir='ltr'><strong>respondisset,</strong></span> <span class='ocrx_word' id='word_1_116' title='bbox 575 1640 648 1704; x_wconf 92' lang='lat' dir='ltr'><strong>nihil</strong></span> <span class='ocrx_word' id='word_1_117' title='bbox 669 1661 718 1704; x_wconf 91' lang='lat' dir='ltr'><strong>me</strong></span> <span class='ocrx_word' id='word_1_118' title='bbox 737 1642 791 1704; x_wconf 86' lang='lat' dir='ltr'><strong>tibi</strong></span> <span class='ocrx_word' id='word_1_119' title='bbox 812 1644 924 1722; x_wconf 84' lang='lat' dir='ltr'><strong>gratius</strong></span> <span class='ocrx_word' id='word_1_120' title='bbox 945 1644 1044 1706; x_wconf 86' lang='lat' dir='ltr'><strong>iacere</strong></span> <span class='ocrx_word' id='word_1_121' title='bbox 1062 1661 1151 1723; x_wconf 89' lang='lat' dir='ltr'><strong>posse</strong></span> <span class='ocrx_word' id='word_1_122' title='bbox 1165 1661 1253 1723; x_wconf 88' lang='lat' dir='ltr'><strong>quam</strong></span> <span class='ocrx_word' id='word_1_123' title='bbox 1268 1646 1292 1704; x_wconf 93' lang='lat' dir='ltr'><strong>si</strong></span> 
     </span>
     <span class='ocr_line' id='line_1_15' title="bbox 177 1727 1292 1807; baseline -0.001 -18"><span class='ocrx_word' id='word_1_124' title='bbox 177 1730 214 1789; x_wconf 93' lang='lat' dir='ltr'><strong>ad</strong></span> <span class='ocrx_word' id='word_1_125' title='bbox 230 1730 329 1790; x_wconf 85' lang='lat' dir='ltr'><strong>Sidam</strong></span> <span class='ocrx_word' id='word_1_126' title='bbox 351 1729 547 1807; x_wconf 82' lang='lat' dir='ltr'><strong>navigassem:</strong></span> <span class='ocrx_word' id='word_1_127' title='bbox 569 1728 624 1789; x_wconf 90' lang='lat' dir='ltr'><strong>etsi</strong></span> <span class='ocrx_word' id='word_1_128' title='bbox 643 1727 741 1789; x_wconf 88' lang='lat' dir='ltr'><strong>minus</strong></span> <span class='ocrx_word' id='word_1_129' title='bbox 762 1727 912 1806; x_wconf 82' lang='lat' dir='ltr'><strong>dignitatis</strong></span> <span class='ocrx_word' id='word_1_130' title='bbox 934 1727 1063 1790; x_wconf 86' lang='lat' dir='ltr'><strong>habehat</strong></span> <span class='ocrx_word' id='word_1_131' title='bbox 1081 1727 1130 1791; x_wconf 91' lang='lat' dir='ltr'><strong>ille</strong></span> <span class='ocrx_word' id='word_1_132' title='bbox 1152 1728 1292 1789; x_wconf 89' lang='lat' dir='ltr'><strong>adventus</strong></span> 
     </span>
     <span class='ocr_line' id='line_1_16' title="bbox 177 1812 1291 1890; baseline -0.001 -17"><span class='ocrx_word' id='word_1_133' title='bbox 177 1814 258 1875; x_wconf 90' lang='lat' dir='ltr'><strong>etad</strong></span> <span class='ocrx_word' id='word_1_134' title='bbox 279 1812 387 1875; x_wconf 89' lang='lat' dir='ltr'><strong>multas</strong></span> <span class='ocrx_word' id='word_1_135' title='bbox 409 1831 459 1874; x_wconf 92' lang='lat' dir='ltr'><strong>res</strong></span> <span class='ocrx_word' id='word_1_136' title='bbox 477 1813 550 1873; x_wconf 89' lang='lat' dir='ltr'><strong>mihi</strong></span> <span class='ocrx_word' id='word_1_137' title='bbox 572 1813 670 1872; x_wconf 90' lang='lat' dir='ltr'><strong>minus</strong></span> <span class='ocrx_word' id='word_1_138' title='bbox 692 1819 756 1872; x_wconf 89' lang='lat' dir='ltr'><strong>erat</strong></span> <span class='ocrx_word' id='word_1_139' title='bbox 775 1820 876 1890; x_wconf 89' lang='lat' dir='ltr'><strong>aptus,</strong></span> <span class='ocrx_word' id='word_1_140' title='bbox 898 1819 997 1875; x_wconf 80' lang='lat' dir='ltr'><strong>tannen</strong></span> <span class='ocrx_word' id='word_1_141' title='bbox 1017 1814 1056 1874; x_wconf 89' lang='lat' dir='ltr'><strong>ita</strong></span> <span class='ocrx_word' id='word_1_142' title='bbox 1076 1831 1125 1874; x_wconf 89' lang='lat' dir='ltr'><strong>me</strong></span> <span class='ocrx_word' id='word_1_143' title='bbox 1146 1812 1206 1872; x_wconf 89' lang='lat' dir='ltr'><strong>dixi</strong></span> <span class='ocrx_word' id='word_1_144' title='bbox 1227 1830 1291 1872; x_wconf 88' lang='lat' dir='ltr'><strong>csse</strong></span> 
     </span>
     <span class='ocr_line' id='line_1_17' title="bbox 173 1894 1330 1978; baseline 0.003 -21"><span class='ocrx_word' id='word_1_145' title='bbox 173 1898 331 1960; x_wconf 84' lang='lat' dir='ltr'><strong>iacturum.</strong></span> <span class='ocrx_word' id='word_1_146' title='bbox 375 1899 457 1959; x_wconf 89' lang='lat' dir='ltr'><strong>ldem</strong></span> <span class='ocrx_word' id='word_1_147' title='bbox 472 1915 527 1975; x_wconf 79' lang='lat' dir='ltr'><strong>ego</strong></span> <span class='ocrx_word' id='word_1_148' title='bbox 550 1915 618 1958; x_wconf 90' lang='lat' dir='ltr'><strong>curn</strong></span> <span class='ocrx_word' id='word_1_149' title='bbox 633 1897 666 1958; x_wconf 92' lang='lat' dir='ltr'><strong>L.</strong></span> <span class='ocrx_word' id='word_1_150' title='bbox 683 1894 818 1957; x_wconf 81' lang='lat' dir='ltr'><strong>Clodium</strong></span> <span class='ocrx_word' id='word_1_151' title='bbox 833 1898 979 1978; x_wconf 75' lang='lat' dir='ltr'><strong>Corcyrae</strong></span> <span class='ocrx_word' id='word_1_152' title='bbox 997 1898 1214 1967; x_wconf 82' lang='lat' dir='ltr'><strong>convenissem,</strong></span> <span class='ocrx_word' id='word_1_153' title='bbox 1235 1895 1288 1956; x_wconf 94' lang='lat' dir='ltr'><strong>ho·</strong></span> <span class='ocrx_word' id='word_1_154' title='bbox 1311 1903 1330 1960; x_wconf 79' lang='lat'><strong>2</strong></span> 
     </span>
     <span class='ocr_line' id='line_1_18' title="bbox 175 1979 1291 2062; baseline -0.001 -20"><span class='ocrx_word' id='word_1_155' title='bbox 175 1983 285 2044; x_wconf 89' lang='lat' dir='ltr'><strong>minem</strong></span> <span class='ocrx_word' id='word_1_156' title='bbox 300 1984 340 2043; x_wconf 94' lang='lat' dir='ltr'><strong>ita</strong></span> <span class='ocrx_word' id='word_1_157' title='bbox 352 1981 407 2043; x_wconf 88' lang='lat' dir='ltr'><strong>tihi</strong></span> <span class='ocrx_word' id='word_1_158' title='bbox 422 1984 624 2051; x_wconf 87' lang='lat' dir='ltr'><strong>coniunctum,</strong></span> <span class='ocrx_word' id='word_1_159' title='bbox 643 1987 676 2041; x_wconf 91' lang='lat' dir='ltr'><strong>ut</strong></span> <span class='ocrx_word' id='word_1_160' title='bbox 691 1979 779 2050; x_wconf 86' lang='lat' dir='ltr'><strong>milri,</strong></span> <span class='ocrx_word' id='word_1_161' title='bbox 796 1999 863 2042; x_wconf 88' lang='lat' dir='ltr'><strong>cum</strong></span> <span class='ocrx_word' id='word_1_162' title='bbox 873 1981 925 2042; x_wconf 94' lang='lat' dir='ltr'><strong>illo</strong></span> <span class='ocrx_word' id='word_1_163' title='bbox 937 2001 1005 2044; x_wconf 90' lang='lat' dir='ltr'><strong>cum</strong></span> <span class='ocrx_word' id='word_1_164' title='bbox 1018 1982 1174 2062; x_wconf 86' lang='lat' dir='ltr'><strong>loquerer,</strong></span> <span class='ocrx_word' id='word_1_165' title='bbox 1191 1988 1291 2042; x_wconf 87' lang='lat' dir='ltr'><strong>tecum</strong></span> 
     </span>
     <span class='ocr_line' id='line_1_19' title="bbox 176 2065 1291 2145; baseline 0 -21"><span class='ocrx_word' id='word_1_166' title='bbox 176 2065 257 2145; x_wconf 90' lang='lat' dir='ltr'><strong>loqui</strong></span> <span class='ocrx_word' id='word_1_167' title='bbox 276 2068 409 2135; x_wconf 68' lang='lat' dir='ltr'><strong>riderem</strong></span> <span class='ocrx_word' id='word_1_168' title='bbox 438 2067 499 2128; x_wconf 87' lang='lat' dir='ltr'><strong>dixi</strong></span> <span class='ocrx_word' id='word_1_169' title='bbox 524 2067 552 2128; x_wconf 88' lang='lat' dir='ltr'><strong>ei</strong></span> <span class='ocrx_word' id='word_1_170' title='bbox 571 2083 620 2127; x_wconf 92' lang='lat' dir='ltr'><strong>me</strong></span> <span class='ocrx_word' id='word_1_171' title='bbox 637 2066 678 2125; x_wconf 89' lang='lat' dir='ltr'><strong>ita</strong></span> <span class='ocrx_word' id='word_1_172' title='bbox 700 2065 848 2126; x_wconf 85' lang='lat' dir='ltr'><strong>iacturum</strong></span> <span class='ocrx_word' id='word_1_173' title='bbox 869 2083 948 2137; x_wconf 88' lang='lat' dir='ltr'><strong>esso,</strong></span> <span class='ocrx_word' id='word_1_174' title='bbox 970 2074 1003 2127; x_wconf 93' lang='lat' dir='ltr'><strong>ut</strong></span> <span class='ocrx_word' id='word_1_175' title='bbox 1024 2069 1054 2126; x_wconf 91' lang='lat' dir='ltr'><strong>in</strong></span> <span class='ocrx_word' id='word_1_176' title='bbox 1079 2073 1291 2143; x_wconf 87' lang='lat' dir='ltr'><strong>campartem,</strong></span> 
     </span>
     <span class='ocr_line' id='line_1_20' title="bbox 170 2149 1292 2231; baseline -0.002 -19"><span class='ocrx_word' id='word_1_177' title='bbox 170 2168 267 2231; x_wconf 81' lang='lat' dir='ltr'><strong>¹quarn</strong></span> <span class='ocrx_word' id='word_1_178' title='bbox 286 2152 397 2212; x_wconf 89' lang='lat' dir='ltr'><strong>Phania</strong></span> <span class='ocrx_word' id='word_1_179' title='bbox 416 2157 567 2229; x_wconf 80' lang='lat' dir='ltr'><strong>rogasset,</strong></span> <span class='ocrx_word' id='word_1_180' title='bbox 593 2149 723 2228; x_wconf 90' lang='lat' dir='ltr'><strong>primum</strong></span> <span class='ocrx_word' id='word_1_181' title='bbox 743 2150 883 2210; x_wconf 89' lang='lat' dir='ltr'><strong>venirem.</strong></span> <span class='ocrx_word' id='word_1_182' title='bbox 931 2152 1015 2211; x_wconf 86' lang='lat' dir='ltr'><strong>‘lunc</strong></span> <span class='ocrx_word' id='word_1_183' title='bbox 1033 2149 1099 2221; x_wconf 86' lang='lat' dir='ltr'><strong>ille,</strong></span> <span class='ocrx_word' id='word_1_184' title='bbox 1128 2150 1203 2210; x_wconf 88' lang='lat' dir='ltr'><strong>mihi</strong></span> <span class='ocrx_word' id='word_1_185' title='bbox 1223 2162 1292 2210; x_wconf 89' lang='lat' dir='ltr'><strong>cum</strong></span> 
     </span>
     <span class='ocr_line' id='line_1_21' title="bbox 177 2233 1292 2313; baseline -0.001 -18"><span class='ocrx_word' id='word_1_186' title='bbox 177 2237 286 2312; x_wconf 84' lang='lat' dir='ltr'><strong>gratias</strong></span> <span class='ocrx_word' id='word_1_187' title='bbox 307 2237 429 2312; x_wconf 77' lang='lat' dir='ltr'><strong>egIsset,</strong></span> <span class='ocrx_word' id='word_1_188' title='bbox 450 2251 560 2313; x_wconf 84' lang='lat' dir='ltr'><strong>magno</strong></span> <span class='ocrx_word' id='word_1_189' title='bbox 578 2250 669 2312; x_wconf 89' lang='lat' dir='ltr'><strong>opere</strong></span> <span class='ocrx_word' id='word_1_190' title='bbox 688 2249 768 2294; x_wconf 86' lang='lat' dir='ltr'><strong>ame</strong></span> <span class='ocrx_word' id='word_1_191' title='bbox 783 2233 899 2312; x_wconf 79' lang='lat' dir='ltr'><strong>petivit,</strong></span> <span class='ocrx_word' id='word_1_192' title='bbox 918 2243 951 2296; x_wconf 90' lang='lat' dir='ltr'><strong>ut</strong></span> <span class='ocrx_word' id='word_1_193' title='bbox 967 2234 1141 2296; x_wconf 89' lang='lat' dir='ltr'><strong>Laodiceam</strong></span> <span class='ocrx_word' id='word_1_194' title='bbox 1154 2235 1292 2313; x_wconf 89' lang='lat' dir='ltr'><strong>protinus</strong></span> 
     </span>
     <span class='ocr_line' id='line_1_22' title="bbox 175 2316 1298 2399; baseline 0.001 -19"><span class='ocrx_word' id='word_1_195' title='bbox 175 2319 267 2390; x_wconf 90' lang='lat' dir='ltr'><strong>irem;</strong></span> <span class='ocrx_word' id='word_1_196' title='bbox 283 2328 313 2381; x_wconf 89' lang='lat' dir='ltr'><strong>te</strong></span> <span class='ocrx_word' id='word_1_197' title='bbox 326 2321 357 2381; x_wconf 91' lang='lat' dir='ltr'><strong>in</strong></span> <span class='ocrx_word' id='word_1_198' title='bbox 372 2320 468 2398; x_wconf 89' lang='lat' dir='ltr'><strong>prima</strong></span> <span class='ocrx_word' id='word_1_199' title='bbox 482 2318 638 2399; x_wconf 83' lang='lat' dir='ltr'><strong>provincia</strong></span> <span class='ocrx_word' id='word_1_200' title='bbox 652 2316 726 2379; x_wconf 91' lang='lat' dir='ltr'><strong>velle</strong></span> <span class='ocrx_word' id='word_1_201' title='bbox 740 2336 819 2389; x_wconf 88' lang='lat' dir='ltr'><strong>esse,</strong></span> <span class='ocrx_word' id='word_1_202' title='bbox 835 2328 868 2380; x_wconf 93' lang='lat' dir='ltr'><strong>ut</strong></span> <span class='ocrx_word' id='word_1_203' title='bbox 881 2338 969 2399; x_wconf 88' lang='lat' dir='ltr'><strong>quam</strong></span> <span class='ocrx_word' id='word_1_204' title='bbox 981 2320 1110 2399; x_wconf 88' lang='lat' dir='ltr'><strong>primum</strong></span> <span class='ocrx_word' id='word_1_205' title='bbox 1122 2319 1298 2387; x_wconf 84' lang='lat' dir='ltr'><strong>decederes;</strong></span> 
     </span>
     <span class='ocr_line' id='line_1_23' title="bbox 175 2404 1290 2484; baseline 0.001 -21"><span class='ocrx_word' id='word_1_206' title='bbox 175 2405 260 2481; x_wconf 88' lang='lat' dir='ltr'><strong>quin,</strong></span> <span class='ocrx_word' id='word_1_207' title='bbox 276 2405 333 2465; x_wconf 88' lang='lat' dir='ltr'><strong>nisi</strong></span> <span class='ocrx_word' id='word_1_208' title='bbox 354 2422 409 2482; x_wconf 84' lang='lat' dir='ltr'><strong>ego</strong></span> <span class='ocrx_word' id='word_1_209' title='bbox 429 2420 585 2466; x_wconf 84' lang='lat' dir='ltr'><strong>successor</strong></span> <span class='ocrx_word' id='word_1_210' title='bbox 603 2420 713 2472; x_wconf 72' lang='lat' dir='ltr'><strong>essem</strong></span> <span class='ocrx_word' id='word_1_211' title='bbox 735 2420 822 2482; x_wconf 89' lang='lat' dir='ltr'><strong>quern</strong></span> <span class='ocrx_word' id='word_1_212' title='bbox 840 2410 873 2463; x_wconf 91' lang='lat' dir='ltr'><strong>tu</strong></span> <span class='ocrx_word' id='word_1_213' title='bbox 885 2420 1010 2484; x_wconf 90' lang='lat' dir='ltr'><strong>cuperes</strong></span> <span class='ocrx_word' id='word_1_214' title='bbox 1021 2404 1135 2475; x_wconf 79' lang='lat' dir='ltr'><strong>videre.</strong></span> <span class='ocrx_word' id='word_1_215' title='bbox 1154 2410 1183 2465; x_wconf 91' lang='lat' dir='ltr'><strong>te</strong></span> <span class='ocrx_word' id='word_1_216' title='bbox 1195 2411 1290 2474; x_wconf 88' lang='lat' dir='ltr'><strong>antea,</strong></span> 
     </span>
     <span class='ocr_line' id='line_1_24' title="bbox 179 2487 1292 2569; baseline 0 -22"><span class='ocrx_word' id='word_1_217' title='bbox 179 2504 266 2565; x_wconf 90' lang='lat' dir='ltr'><strong>quam</strong></span> <span class='ocrx_word' id='word_1_218' title='bbox 281 2487 336 2548; x_wconf 88' lang='lat' dir='ltr'><strong>tibi</strong></span> <span class='ocrx_word' id='word_1_219' title='bbox 351 2504 520 2549; x_wconf 87' lang='lat' dir='ltr'><strong>successum</strong></span> <span class='ocrx_word' id='word_1_220' title='bbox 537 2494 627 2558; x_wconf 88' lang='lat' dir='ltr'><strong>esset,</strong></span> <span class='ocrx_word' id='word_1_221' title='bbox 648 2488 837 2549; x_wconf 88' lang='lat' dir='ltr'><strong>decessurum</strong></span> <span class='ocrx_word' id='word_1_222' title='bbox 860 2489 964 2550; x_wconf 87' lang='lat' dir='ltr'><strong>luisse:</strong></span> <span class='ocrx_word' id='word_1_223' title='bbox 988 2489 1067 2569; x_wconf 91' lang='lat' dir='ltr'><strong>quod</strong></span> <span class='ocrx_word' id='word_1_224' title='bbox 1088 2488 1208 2567; x_wconf 88' lang='lat' dir='ltr'><strong>quidem</strong></span> <span class='ocrx_word' id='word_1_225' title='bbox 1229 2496 1292 2549; x_wconf 87' lang='lat' dir='ltr'><strong>erat</strong></span> 
     </span>
     <span class='ocr_line' id='line_1_25' title="bbox 179 2571 1291 2651; baseline 0.001 -20"><span class='ocrx_word' id='word_1_226' title='bbox 179 2579 409 2634; x_wconf 86' lang='lat' dir='ltr'><strong>consentaneum</strong></span> <span class='ocrx_word' id='word_1_227' title='bbox 431 2590 500 2633; x_wconf 87' lang='lat' dir='ltr'><strong>curn</strong></span> <span class='ocrx_word' id='word_1_228' title='bbox 519 2572 556 2633; x_wconf 93' lang='lat' dir='ltr'><strong>iis</strong></span> <span class='ocrx_word' id='word_1_229' title='bbox 581 2571 707 2641; x_wconf 89' lang='lat' dir='ltr'><strong>litteris,·</strong></span> <span class='ocrx_word' id='word_1_230' title='bbox 727 2588 801 2651; x_wconf 90' lang='lat' dir='ltr'><strong>quas</strong></span> <span class='ocrx_word' id='word_1_231' title='bbox 828 2590 884 2651; x_wconf 85' lang='lat' dir='ltr'><strong>ego</strong></span> <span class='ocrx_word' id='word_1_232' title='bbox 903 2572 1016 2635; x_wconf 85' lang='lat' dir='ltr'><strong>Romae</strong></span> <span class='ocrx_word' id='word_1_233' title='bbox 1041 2590 1227 2651; x_wconf 85' lang='lat' dir='ltr'><strong>acceperam,</strong></span> <span class='ocrx_word' id='word_1_234' title='bbox 1255 2590 1291 2632; x_wconf 89' lang='lat' dir='ltr'><strong>ex</strong></span> 
     </span>
     <span class='ocr_line' id='line_1_26' title="bbox 176 2654 1291 2736; baseline 0 -19"><span class='ocrx_word' id='word_1_235' title='bbox 176 2654 283 2735; x_wconf 83' lang='lat' dir='ltr'><strong>quihus</strong></span> <span class='ocrx_word' id='word_1_236' title='bbox 303 2658 488 2735; x_wconf 84' lang='lat' dir='ltr'><strong>perspexisse</strong></span> <span class='ocrx_word' id='word_1_237' title='bbox 504 2656 576 2717; x_wconf 89' lang='lat' dir='ltr'><strong>mihi</strong></span> <span class='ocrx_word' id='word_1_238' title='bbox 595 2656 730 2727; x_wconf 88' lang='lat' dir='ltr'><strong>videbar,</strong></span> <span class='ocrx_word' id='word_1_239' title='bbox 753 2674 841 2736; x_wconf 88' lang='lat' dir='ltr'><strong>quam</strong></span> <span class='ocrx_word' id='word_1_240' title='bbox 862 2657 1016 2720; x_wconf 77' lang='lat' dir='ltr'><strong>festinares</strong></span> <span class='ocrx_word' id='word_1_241' title='bbox 1036 2658 1188 2720; x_wconf 85' lang='lat' dir='ltr'><strong>decedere.</strong></span> <span class='ocrx_word' id='word_1_242' title='bbox 1233 2656 1291 2717; x_wconf 87' lang='lat' dir='ltr'><strong>Re·</strong></span> 
     </span>
     <span class='ocr_line' id='line_1_27' title="bbox 176 2732 1290 2821; baseline 0.001 -21"><span class='ocrx_word' id='word_1_243' title='bbox 176 2741 281 2818; x_wconf 91' lang='lat' dir='ltr'><strong>spoudi</strong></span> <span class='ocrx_word' id='word_1_244' title='bbox 301 2739 403 2803; x_wconf 86' lang='lat' dir='ltr'><strong>Clodio</strong></span> <span class='ocrx_word' id='word_1_245' title='bbox 429 2759 478 2801; x_wconf 90' lang='lat' dir='ltr'><strong>me</strong></span> <span class='ocrx_word' id='word_1_246' title='bbox 504 2742 544 2802; x_wconf 91' lang='lat' dir='ltr'><strong>ita</strong></span> <span class='ocrx_word' id='word_1_247' title='bbox 573 2758 637 2803; x_wconf 89' lang='lat' dir='ltr'><strong>esse</strong></span> <span class='ocrx_word' id='word_1_248' title='bbox 661 2740 810 2802; x_wconf 88' lang='lat' dir='ltr'><strong>iacturum</strong></span> <span class='ocrx_word' id='word_1_249' title='bbox 835 2759 870 2802; x_wconf 91' lang='lat' dir='ltr'><strong>ac</strong></span> <span class='ocrx_word' id='word_1_250' title='bbox 895 2740 989 2803; x_wconf 90' lang='lat' dir='ltr'><strong>multo</strong></span> <span class='ocrx_word' id='word_1_251' title='bbox 1012 2742 1131 2821; x_wconf 91' lang='lat' dir='ltr'><strong>quidem</strong></span> <span class='ocrx_word' id='word_1_252' title='bbox 1146 2732 1290 2803; x_wconf 89' lang='lat' dir='ltr'><strong>libentius</strong></span> 
     </span>
     <span class='ocr_line' id='line_1_28' title="bbox 175 2825 1290 2904; baseline -0.001 -18"><span class='ocrx_word' id='word_1_253' title='bbox 175 2843 265 2904; x_wconf 90' lang='lat' dir='ltr'><strong>quam</strong></span> <span class='ocrx_word' id='word_1_254' title='bbox 282 2826 307 2887; x_wconf 92' lang='lat' dir='ltr'><strong>si</strong></span> <span class='ocrx_word' id='word_1_255' title='bbox 324 2825 398 2887; x_wconf 91' lang='lat' dir='ltr'><strong>illud</strong></span> <span class='ocrx_word' id='word_1_256' title='bbox 418 2833 497 2887; x_wconf 89' lang='lat' dir='ltr'><strong>esset</strong></span> <span class='ocrx_word' id='word_1_257' title='bbox 510 2825 693 2894; x_wconf 89' lang='lat' dir='ltr'><strong>iaciendum,</strong></span> <span class='ocrx_word' id='word_1_258' title='bbox 715 2825 794 2903; x_wconf 91' lang='lat' dir='ltr'><strong>quod</strong></span> <span class='ocrx_word' id='word_1_259' title='bbox 812 2827 1008 2903; x_wconf 81' lang='lat' dir='ltr'><strong>promiseram</strong></span> <span class='ocrx_word' id='word_1_260' title='bbox 1020 2826 1159 2889; x_wconf 84' lang='lat' dir='ltr'><strong>Phaniae.</strong></span> <span class='ocrx_word' id='word_1_261' title='bbox 1189 2826 1290 2904; x_wconf 90' lang='lat' dir='ltr'><strong>ltaque</strong></span> 
     </span>
     <span class='ocr_line' id='line_1_29' title="bbox 177 2909 1291 2990; baseline 0.001 -22"><span class='ocrx_word' id='word_1_262' title='bbox 177 2915 206 2969; x_wconf 94' lang='lat' dir='ltr'><strong>et</strong></span> <span class='ocrx_word' id='word_1_263' title='bbox 226 2910 380 2974; x_wconf 88' lang='lat' dir='ltr'><strong>consilium</strong></span> <span class='ocrx_word' id='word_1_264' title='bbox 405 2911 513 2971; x_wconf 75' lang='lat' dir='ltr'><strong>mutan</strong></span> <span class='ocrx_word' id='word_1_265' title='bbox 533 2918 562 2970; x_wconf 91' lang='lat' dir='ltr'><strong>et</strong></span> <span class='ocrx_word' id='word_1_266' title='bbox 582 2909 619 2970; x_wconf 89' lang='lat' dir='ltr'><strong>ad</strong></span> <span class='ocrx_word' id='word_1_267' title='bbox 639 2916 669 2970; x_wconf 90' lang='lat' dir='ltr'><strong>te</strong></span> <span class='ocrx_word' id='word_1_268' title='bbox 693 2911 790 2971; x_wconf 82' lang='lat' dir='ltr'><strong>statim</strong></span> <span class='ocrx_word' id='word_1_269' title='bbox 819 2918 885 2972; x_wconf 87' lang='lat' dir='ltr'><strong>mea&#39;</strong></span> <span class='ocrx_word' id='word_1_270' title='bbox 909 2928 1000 2972; x_wconf 90' lang='lat' dir='ltr'><strong>manu</strong></span> <span class='ocrx_word' id='word_1_271' title='bbox 1028 2913 1153 2990; x_wconf 89' lang='lat' dir='ltr'><strong>scriptas</strong></span> <span class='ocrx_word' id='word_1_272' title='bbox 1177 2909 1291 2971; x_wconf 88' lang='lat' dir='ltr'><strong>litteras</strong></span> 
     </span>
    </p>

    <p class='ocr_par' dir='ltr' id='par_1_5' title="bbox 124 2989 1329 3158">
     <span class='ocr_line' id='line_1_30' title="bbox 124 2989 1289 3074; baseline 0 -21"><span class='ocrx_word' id='word_1_273' title='bbox 124 3002 128 3007; x_wconf 83' lang='grc'><em>’</em></span> <span class='ocrx_word' id='word_1_274' title='bbox 175 2994 257 3063; x_wconf 90' lang='lat' dir='ltr'><strong>misi;</strong></span> <span class='ocrx_word' id='word_1_275' title='bbox 273 2989 352 3074; x_wconf 66' lang='lat' dir='ltr'><strong>&#39;quas</strong></span> <span class='ocrx_word' id='word_1_276' title='bbox 365 2995 483 3073; x_wconf 89' lang='lat' dir='ltr'><strong>quidem</strong></span> <span class='ocrx_word' id='word_1_277' title='bbox 498 3012 535 3055; x_wconf 88' lang='lat' dir='ltr'><strong>ex</strong></span> <span class='ocrx_word' id='word_1_278' title='bbox 549 2995 607 3055; x_wconf 91' lang='lat' dir='ltr'><strong>tuis</strong></span> <span class='ocrx_word' id='word_1_279' title='bbox 620 2993 723 3056; x_wconf 90' lang='lat' dir='ltr'><strong>litteris</strong></span> <span class='ocrx_word' id='word_1_280' title='bbox 738 2992 870 3055; x_wconf 91' lang='lat' dir='ltr'><strong>intellexi</strong></span> <span class='ocrx_word' id='word_1_281' title='bbox 891 2996 961 3057; x_wconf 91' lang='lat' dir='ltr'><strong>satis</strong></span> <span class='ocrx_word' id='word_1_282' title='bbox 981 3001 1098 3056; x_wconf 88' lang='lat' dir='ltr'><strong>mature</strong></span> <span class='ocrx_word' id='word_1_283' title='bbox 1120 2993 1157 3056; x_wconf 92' lang='lat' dir='ltr'><strong>ad</strong></span> <span class='ocrx_word' id='word_1_284' title='bbox 1176 3000 1205 3055; x_wconf 93' lang='lat' dir='ltr'><strong>te</strong></span> <span class='ocrx_word' id='word_1_285' title='bbox 1225 3008 1289 3053; x_wconf 89' lang='lat' dir='ltr'><strong>esse</strong></span> 
     </span>
     <span class='ocr_line' id='line_1_31' title="bbox 175 3077 1329 3158; baseline -0.003 -18"><span class='ocrx_word' id='word_1_286' title='bbox 175 3078 313 3155; x_wconf 86' lang='lat' dir='ltr'><strong>perlatas.</strong></span> <span class='ocrx_word' id='word_1_287' title='bbox 356 3078 420 3140; x_wconf 91' lang='lat' dir='ltr'><strong>Hoc</strong></span> <span class='ocrx_word' id='word_1_288' title='bbox 442 3095 497 3155; x_wconf 83' lang='lat' dir='ltr'><strong>ego</strong></span> <span class='ocrx_word' id='word_1_289' title='bbox 517 3096 584 3140; x_wconf 92' lang='lat' dir='ltr'><strong>meo</strong></span> <span class='ocrx_word' id='word_1_290' title='bbox 604 3077 681 3139; x_wconf 86' lang='lat' dir='ltr'><strong>iacto</strong></span> <span class='ocrx_word' id='word_1_291' title='bbox 701 3077 786 3140; x_wconf 84' lang='lat' dir='ltr'><strong>valde</strong></span> <span class='ocrx_word' id='word_1_292' title='bbox 812 3078 958 3149; x_wconf 87' lang='lat' dir='ltr'><strong>delector;</strong></span> <span class='ocrx_word' id='word_1_293' title='bbox 985 3078 1057 3141; x_wconf 91' lang='lat' dir='ltr'><strong>nihil</strong></span> <span class='ocrx_word' id='word_1_294' title='bbox 1084 3078 1162 3141; x_wconf 88' lang='lat' dir='ltr'><strong>enim</strong></span> <span class='ocrx_word' id='word_1_295' title='bbox 1191 3078 1288 3158; x_wconf 91' lang='lat' dir='ltr'><strong>potuit</strong></span> <span class='ocrx_word' id='word_1_296' title='bbox 1310 3083 1329 3144; x_wconf 90' lang='lat'><strong>3</strong></span> 
     </span>
    </p>
   </div>
   <div class='ocr_carea' id='block_1_5' title="bbox 170 3260 1382 4343">
    <p class='ocr_par' dir='ltr' id='par_1_6' title="bbox 173 3260 1292 3922">
     <span class='ocr_line' id='line_1_32' title="bbox 178 3260 1292 3330; baseline 0.002 -20"><span class='ocrx_word' id='word_1_297' title='bbox 178 3260 239 3312; x_wconf 91' lang='lat' dir='ltr'><strong>cius</strong></span> <span class='ocrx_word' id='word_1_298' title='bbox 250 3262 442 3315; x_wconf 68' lang='lat' dir='ltr'><strong>Scaevolac-</strong></span> <span class='ocrx_word' id='word_1_299' title='bbox 456 3278 526 3315; x_wconf 83' lang='lat' dir='ltr'><strong>eane</strong></span> <span class='ocrx_word' id='word_1_300' title='bbox 538 3262 633 3313; x_wconf 82' lang='lat' dir='ltr'><strong>uellem</strong></span> <span class='ocrx_word' id='word_1_301' title='bbox 644 3261 708 3330; x_wconf 77' lang='lat' dir='ltr'><strong>cte]</strong></span> <span class='ocrx_word' id='word_1_302' title='bbox 758 3262 787 3313; x_wconf 80' lang='lat' dir='ltr'><strong>iu</strong></span> <span class='ocrx_word' id='word_1_303' title='bbox 810 3262 864 3314; x_wconf 76' lang='lat' dir='ltr'><strong>(len</strong></span> <span class='ocrx_word' id='word_1_304' title='bbox 880 3263 1031 3329; x_wconf 76' lang='lat' dir='ltr'><strong>Pfiielatcn,</strong></span> <span class='ocrx_word' id='word_1_305' title='bbox 1055 3263 1153 3314; x_wconf 74' lang='lat' dir='ltr'><strong>welche</strong></span> <span class='ocrx_word' id='word_1_306' title='bbox 1176 3261 1292 3314; x_wconf 82' lang='lat' dir='ltr'><strong>dieseldc</strong></span> 
     </span>
     <span class='ocr_line' id='line_1_33' title="bbox 176 3326 1291 3395; baseline 0.002 -18"><span class='ocrx_word' id='word_1_307' title='bbox 176 3326 225 3377; x_wconf 79' lang='lat' dir='ltr'><strong>Iclr</strong></span> <span class='ocrx_word' id='word_1_308' title='bbox 241 3329 318 3379; x_wconf 69' lang='lat' dir='ltr'><strong>utrm</strong></span> <span class='ocrx_word' id='word_1_309' title='bbox 339 3331 463 3381; x_wconf 75' lang='lat' dir='ltr'><strong>toirlallelr</strong></span> <span class='ocrx_word' id='word_1_310' title='bbox 485 3328 656 3395; x_wconf 55' lang='lat' dir='ltr'><strong>presisteret,</strong></span> <span class='ocrx_word' id='word_1_311' title='bbox 679 3346 710 3381; x_wconf 87' lang='lat' dir='ltr'><strong>er</strong></span> <span class='ocrx_word' id='word_1_312' title='bbox 759 3331 813 3382; x_wconf 80' lang='lat' dir='ltr'><strong>deu</strong></span> <span class='ocrx_word' id='word_1_313' title='bbox 825 3330 976 3382; x_wconf 81' lang='lat' dir='ltr'><strong>Freunden</strong></span> <span class='ocrx_word' id='word_1_314' title='bbox 988 3330 1111 3395; x_wconf 65' lang='lat' dir='ltr'><strong>eusdem,</strong></span> <span class='ocrx_word' id='word_1_315' title='bbox 1130 3329 1177 3380; x_wconf 83' lang='lat' dir='ltr'><strong>diro</strong></span> <span class='ocrx_word' id='word_1_316' title='bbox 1189 3329 1234 3380; x_wconf 82' lang='lat' dir='ltr'><strong>loir</strong></span> <span class='ocrx_word' id='word_1_317' title='bbox 1246 3346 1291 3394; x_wconf 76' lang='lat' dir='ltr'><strong>pe-</strong></span> 
     </span>
     <span class='ocr_line' id='line_1_34' title="bbox 176 3394 1290 3462; baseline 0.001 -18"><span class='ocrx_word' id='word_1_318' title='bbox 176 3394 254 3445; x_wconf 77' lang='lat' dir='ltr'><strong>luitte</strong></span> <span class='ocrx_word' id='word_1_319' title='bbox 269 3394 327 3447; x_wconf 69' lang='lat' dir='ltr'><strong>Dte</strong></span> <span class='ocrx_word' id='word_1_320' title='bbox 342 3414 380 3447; x_wconf 82' lang='lat' dir='ltr'><strong>zu</strong></span> <span class='ocrx_word' id='word_1_321' title='bbox 399 3398 499 3448; x_wconf 80' lang='lat' dir='ltr'><strong>Willen</strong></span> <span class='ocrx_word' id='word_1_322' title='bbox 516 3398 576 3449; x_wconf 80' lang='lat' dir='ltr'><strong>sein</strong></span> <span class='ocrx_word' id='word_1_323' title='bbox 597 3397 708 3448; x_wconf 70' lang='lat' dir='ltr'><strong>ledonem</strong></span> <span class='ocrx_word' id='word_1_324' title='bbox 759 3413 812 3462; x_wconf 75' lang='lat' dir='ltr'><strong>peu</strong></span> <span class='ocrx_word' id='word_1_325' title='bbox 835 3398 906 3449; x_wconf 81' lang='lat' dir='ltr'><strong>miclt</strong></span> <span class='ocrx_word' id='word_1_326' title='bbox 928 3397 1007 3449; x_wconf 76' lang='lat' dir='ltr'><strong>nicht</strong></span> <span class='ocrx_word' id='word_1_327' title='bbox 1026 3396 1239 3462; x_wconf 73' lang='lat' dir='ltr'><strong>noclsiclrtiqer.</strong></span> <span class='ocrx_word' id='word_1_328' title='bbox 1256 3421 1290 3433; x_wconf 81' lang='lat'><strong>—-</strong></span> 
     </span>
     <span class='ocr_line' id='line_1_35' title="bbox 175 3461 1290 3533; baseline 0.003 -21"><span class='ocrx_word' id='word_1_329' title='bbox 175 3462 216 3524; x_wconf 49' lang='lat' dir='ltr'><strong>(dt</strong></span> <span class='ocrx_word' id='word_1_330' title='bbox 227 3461 252 3512; x_wconf 81' lang='lat' dir='ltr'><strong>h.</strong></span> <span class='ocrx_word' id='word_1_331' title='bbox 265 3462 311 3515; x_wconf 88' lang='lat' dir='ltr'><strong>die</strong></span> <span class='ocrx_word' id='word_1_332' title='bbox 322 3463 707 3517; x_wconf 82' lang='lat' dir='ltr'><strong>stellvertretendeVerwel·</strong></span> <span class='ocrx_word' id='word_1_333' title='bbox 757 3464 880 3531; x_wconf 82' lang='lat' dir='ltr'><strong>primum</strong></span> <span class='ocrx_word' id='word_1_334' title='bbox 895 3461 1033 3533; x_wconf 81' lang='lat' dir='ltr'><strong>uenirem]</strong></span> <span class='ocrx_word' id='word_1_335' title='bbox 1052 3464 1079 3516; x_wconf 93' lang='lat' dir='ltr'><strong>d.</strong></span> <span class='ocrx_word' id='word_1_336' title='bbox 1097 3464 1116 3515; x_wconf 87' lang='lat' dir='ltr'><strong>i.</strong></span> <span class='ocrx_word' id='word_1_337' title='bbox 1132 3480 1177 3516; x_wconf 78' lang='lat' dir='ltr'><strong>wo</strong></span> <span class='ocrx_word' id='word_1_338' title='bbox 1195 3480 1226 3516; x_wconf 85' lang='lat' dir='ltr'><strong>er</strong></span> <span class='ocrx_word' id='word_1_339' title='bbox 1238 3478 1290 3515; x_wconf 79' lang='lat' dir='ltr'><strong>nur</strong></span> 
     </span>
     <span class='ocr_line' id='line_1_36' title="bbox 175 3530 1289 3596; baseline 0.001 -16"><span class='ocrx_word' id='word_1_340' title='bbox 175 3533 247 3596; x_wconf 80' lang='lat' dir='ltr'><strong>tung</strong></span> <span class='ocrx_word' id='word_1_341' title='bbox 264 3530 315 3583; x_wconf 90' lang='lat' dir='ltr'><strong>der</strong></span> <span class='ocrx_word' id='word_1_342' title='bbox 327 3531 452 3584; x_wconf 81' lang='lat' dir='ltr'><strong>Provinz</strong></span> <span class='ocrx_word' id='word_1_343' title='bbox 464 3548 517 3583; x_wconf 84' lang='lat' dir='ltr'><strong>vor</strong></span> <span class='ocrx_word' id='word_1_344' title='bbox 530 3532 637 3584; x_wconf 88' lang='lat' dir='ltr'><strong>meiuer</strong></span> <span class='ocrx_word' id='word_1_345' title='bbox 649 3531 707 3583; x_wconf 88' lang='lat' dir='ltr'><strong>An·</strong></span> <span class='ocrx_word' id='word_1_346' title='bbox 758 3532 956 3585; x_wconf 82' lang='lat' dir='ltr'><strong>Uobernahme</strong></span> <span class='ocrx_word' id='word_1_347' title='bbox 978 3530 1027 3584; x_wconf 87' lang='lat' dir='ltr'><strong>des</strong></span> <span class='ocrx_word' id='word_1_348' title='bbox 1043 3531 1139 3584; x_wconf 84' lang='lat' dir='ltr'><strong>Amtes</strong></span> <span class='ocrx_word' id='word_1_349' title='bbox 1162 3532 1216 3583; x_wconf 86' lang='lat' dir='ltr'><strong>den</strong></span> <span class='ocrx_word' id='word_1_350' title='bbox 1233 3531 1289 3582; x_wconf 88' lang='lat' dir='ltr'><strong>Bo-</strong></span> 
     </span>
     <span class='ocr_line' id='line_1_37' title="bbox 175 3596 1288 3664; baseline 0.002 -17"><span class='ocrx_word' id='word_1_351' title='bbox 175 3596 708 3664; x_wconf 78' lang='lat' dir='ltr'><strong>knufttibernelunenlxdnneu.)—no·</strong></span> <span class='ocrx_word' id='word_1_352' title='bbox 760 3597 815 3650; x_wconf 84' lang='lat' dir='ltr'><strong>den</strong></span> <span class='ocrx_word' id='word_1_353' title='bbox 834 3599 885 3651; x_wconf 88' lang='lat' dir='ltr'><strong>der</strong></span> <span class='ocrx_word' id='word_1_354' title='bbox 902 3599 1027 3651; x_wconf 80' lang='lat' dir='ltr'><strong>Proviuz</strong></span> <span class='ocrx_word' id='word_1_355' title='bbox 1051 3600 1182 3651; x_wconf 83' lang='lat' dir='ltr'><strong>betreteu</strong></span> <span class='ocrx_word' id='word_1_356' title='bbox 1207 3597 1288 3651; x_wconf 87' lang='lat' dir='ltr'><strong>solie.</strong></span> 
     </span>
     <span class='ocr_line' id='line_1_38' title="bbox 174 3662 1289 3733; baseline 0.003 -19"><span class='ocrx_word' id='word_1_357' title='bbox 174 3662 284 3733; x_wconf 78' lang='lat' dir='ltr'><strong>luisse]</strong></span> <span class='ocrx_word' id='word_1_358' title='bbox 306 3666 367 3719; x_wconf 86' lang='lat' dir='ltr'><strong>Der</strong></span> <span class='ocrx_word' id='word_1_359' title='bbox 389 3667 524 3733; x_wconf 81' lang='lat' dir='ltr'><strong>Snbjeets</strong></span> <span class='ocrx_word' id='word_1_360' title='bbox 535 3666 707 3720; x_wconf 79' lang='lat' dir='ltr'><strong>·Acousativ</strong></span> <span class='ocrx_word' id='word_1_361' title='bbox 756 3692 792 3704; x_wconf 89' lang='grc'>-</span> <span class='ocrx_word' id='word_1_362' title='bbox 803 3667 896 3720; x_wconf 83' lang='lat' dir='ltr'><strong>minus</strong></span> <span class='ocrx_word' id='word_1_363' title='bbox 908 3666 1067 3733; x_wconf 78' lang='lat' dir='ltr'><strong>diquitutis]</strong></span> <span class='ocrx_word' id='word_1_364' title='bbox 1077 3667 1289 3733; x_wconf 81' lang='lat' dir='ltr'><strong>DerEmplang</strong></span> 
     </span>
     <span class='ocr_line' id='line_1_39' title="bbox 174 3733 1289 3800; baseline 0.003 -18"><span class='ocrx_word' id='word_1_365' title='bbox 174 3748 236 3783; x_wconf 84' lang='lat' dir='ltr'><strong>eum</strong></span> <span class='ocrx_word' id='word_1_366' title='bbox 258 3733 370 3800; x_wconf 83' lang='lat' dir='ltr'><strong>ergiebt</strong></span> <span class='ocrx_word' id='word_1_367' title='bbox 392 3734 452 3786; x_wconf 88' lang='lat' dir='ltr'><strong>sich</strong></span> <span class='ocrx_word' id='word_1_368' title='bbox 469 3734 556 3788; x_wconf 84' lang='lat' dir='ltr'><strong>leicht</strong></span> <span class='ocrx_word' id='word_1_369' title='bbox 573 3750 625 3787; x_wconf 82' lang='lat' dir='ltr'><strong>ans</strong></span> <span class='ocrx_word' id='word_1_370' title='bbox 642 3734 705 3786; x_wconf 85' lang='lat' dir='ltr'><strong>dem</strong></span> <span class='ocrx_word' id='word_1_371' title='bbox 757 3734 786 3786; x_wconf 89' lang='lat' dir='ltr'><strong>iu</strong></span> <span class='ocrx_word' id='word_1_372' title='bbox 805 3734 886 3790; x_wconf 86' lang='lat' dir='ltr'><strong>einer</strong></span> <span class='ocrx_word' id='word_1_373' title='bbox 902 3752 933 3787; x_wconf 90' lang='lat' dir='ltr'><strong>so</strong></span> <span class='ocrx_word' id='word_1_374' title='bbox 950 3734 1185 3787; x_wconf 84' lang='lat' dir='ltr'><strong>unbedeutenden</strong></span> <span class='ocrx_word' id='word_1_375' title='bbox 1203 3734 1289 3786; x_wconf 82' lang='lat' dir='ltr'><strong>Stadt</strong></span> 
     </span>
     <span class='ocr_line' id='line_1_40' title="bbox 173 3800 1287 3922; baseline 0.002 -71"><span class='ocrx_word' id='word_1_376' title='bbox 173 3800 440 3868; x_wconf 80' lang='lat' dir='ltr'><strong>Vorhergelrenden.</strong></span> <span class='ocrx_word' id='word_1_377' title='bbox 465 3803 495 3855; x_wconf 83' lang='lat' dir='ltr'><strong>S.</strong></span> <span class='ocrx_word' id='word_1_378' title='bbox 508 3818 533 3855; x_wconf 82' lang='lat' dir='ltr'><strong>z.</strong></span> <span class='ocrx_word' id='word_1_379' title='bbox 545 3802 568 3854; x_wconf 92' lang='lat' dir='ltr'><strong>I.</strong></span> <span class='ocrx_word' id='word_1_380' title='bbox 580 3804 623 3854; x_wconf 77' lang='grc'><strong>26.</strong></span> <span class='ocrx_word' id='word_1_381' title='bbox 636 3805 663 3853; x_wconf 97' lang='grc'><strong>1.</strong></span> <span class='ocrx_word' id='word_1_382' title='bbox 757 3801 911 3922; x_wconf 54' lang='lat' dir='ltr'><strong>gntquelch</strong></span> <span class='ocrx_word' id='word_1_383' title='bbox 928 3802 1007 3854; x_wconf 81' lang='lat' dir='ltr'><strong>niolrt</strong></span> <span class='ocrx_word' id='word_1_384' title='bbox 1025 3802 1076 3854; x_wconf 87' lang='lat' dir='ltr'><strong>der</strong></span> <span class='ocrx_word' id='word_1_385' title='bbox 1089 3801 1195 3854; x_wconf 82' lang='lat' dir='ltr'><strong>Wdrde</strong></span> <span class='ocrx_word' id='word_1_386' title='bbox 1208 3802 1287 3855; x_wconf 89' lang='lat' dir='ltr'><strong>eines</strong></span> 
     </span>
     <span class='ocr_line' id='line_1_41' title="bbox 779 3877 953 3922; baseline 0 0"><span class='ocrx_word' id='word_1_387' title='bbox 779 3877 836 3922; x_wconf 83' lang='lat' dir='ltr'><strong>tatt</strong></span> <span class='ocrx_word' id='word_1_388' title='bbox 856 3877 953 3922; x_wconf 70' lang='lat' dir='ltr'><strong>atero.</strong></span> 
     </span>
    </p>

    <p class='ocr_par' dir='ltr' id='par_1_7' title="bbox 170 3936 1382 4207">
     <span class='ocr_line' id='line_1_42' title="bbox 205 3936 1287 4005; baseline 0 -19"><span class='ocrx_word' id='word_1_389' title='bbox 205 3937 305 3987; x_wconf 77' lang='lat' dir='ltr'><strong>Errsr.</strong></span> <span class='ocrx_word' id='word_1_390' title='bbox 323 3938 439 3991; x_wconf 83' lang='lat' dir='ltr'>XXVII.</span> <span class='ocrx_word' id='word_1_391' title='bbox 469 3938 541 4004; x_wconf 77' lang='lat'><strong>(⁷03.</strong></span> <span class='ocrx_word' id='word_1_392' title='bbox 558 3936 615 4003; x_wconf 83' lang='grc'><strong>51.)</strong></span> <span class='ocrx_word' id='word_1_393' title='bbox 644 3937 704 3990; x_wconf 86' lang='lat' dir='ltr'><strong>Der</strong></span> <span class='ocrx_word' id='word_1_394' title='bbox 791 3941 816 3990; x_wconf 81' lang='grc'><strong>2.</strong></span> <span class='ocrx_word' id='word_1_395' title='bbox 833 3936 1287 4005; x_wconf 75' lang='lat' dir='ltr'><strong>ldem]S.z.l.18.30.-quom</strong></span> 
     </span>
     <span class='ocr_line' id='line_1_43' title="bbox 172 4002 1382 4073; baseline -0.002 -19"><span class='ocrx_word' id='word_1_396' title='bbox 172 4002 256 4055; x_wconf 86' lang='lat' dir='ltr'><strong>Brief</strong></span> <span class='ocrx_word' id='word_1_397' title='bbox 271 4003 311 4056; x_wconf 85' lang='lat' dir='ltr'><strong>ist</strong></span> <span class='ocrx_word' id='word_1_398' title='bbox 333 4003 371 4056; x_wconf 86' lang='lat' dir='ltr'><strong>irn</strong></span> <span class='ocrx_word' id='word_1_399' title='bbox 389 4004 557 4073; x_wconf 83' lang='lat' dir='ltr'><strong>September</strong></span> <span class='ocrx_word' id='word_1_400' title='bbox 579 4007 631 4057; x_wconf 82' lang='lat' dir='ltr'><strong>aui</strong></span> <span class='ocrx_word' id='word_1_401' title='bbox 652 4006 704 4057; x_wconf 86' lang='lat' dir='ltr'><strong>der</strong></span> <span class='ocrx_word' id='word_1_402' title='bbox 756 4002 883 4071; x_wconf 76' lang='lat' dir='ltr'><strong>Phanio]</strong></span> <span class='ocrx_word' id='word_1_403' title='bbox 899 4002 1182 4057; x_wconf 78' lang='lat' dir='ltr'><strong>s.r.11.o.u.-tn</strong></span> <span class='ocrx_word' id='word_1_404' title='bbox 1193 4003 1286 4069; x_wconf 81' lang='lat' dir='ltr'><strong>primo</strong></span> <span class='ocrx_word' id='word_1_405' title='bbox 1378 4012 1382 4023; x_wconf 92' lang='grc'>·</span> 
     </span>
     <span class='ocr_line' id='line_1_44' title="bbox 170 4070 1285 4141; baseline 0 -20"><span class='ocrx_word' id='word_1_406' title='bbox 170 4070 257 4122; x_wconf 86' lang='lat' dir='ltr'><strong>Reise</strong></span> <span class='ocrx_word' id='word_1_407' title='bbox 286 4071 378 4124; x_wconf 85' lang='lat' dir='ltr'><strong>durch</strong></span> <span class='ocrx_word' id='word_1_408' title='bbox 407 4072 609 4141; x_wconf 74' lang='lat' dir='ltr'><strong>Cappadocien</strong></span> <span class='ocrx_word' id='word_1_409' title='bbox 632 4072 704 4125; x_wconf 82' lang='lat' dir='ltr'><strong>nach</strong></span> <span class='ocrx_word' id='word_1_410' title='bbox 754 4071 924 4139; x_wconf 79' lang='lat' dir='ltr'><strong>prouincia]</strong></span> <span class='ocrx_word' id='word_1_411' title='bbox 955 4072 1013 4138; x_wconf 81' lang='lat' dir='ltr'><strong>„ln</strong></span> <span class='ocrx_word' id='word_1_412' title='bbox 1038 4073 1098 4124; x_wconf 79' lang='lat' dir='ltr'><strong>dem</strong></span> <span class='ocrx_word' id='word_1_413' title='bbox 1112 4071 1285 4123; x_wconf 75' lang='lat' dir='ltr'><strong>‹oordcrrteu</strong></span> 
     </span>
     <span class='ocr_line' id='line_1_45' title="bbox 173 4136 1283 4207; baseline -0.001 -19"><span class='ocrx_word' id='word_1_414' title='bbox 173 4136 293 4191; x_wconf 83' lang='lat' dir='ltr'><strong>Cilicieu</strong></span> <span class='ocrx_word' id='word_1_415' title='bbox 307 4138 501 4207; x_wconf 82' lang='lat' dir='ltr'><strong>geschriebeu.</strong></span> <span class='ocrx_word' id='word_1_416' title='bbox 757 4138 853 4190; x_wconf 74' lang='lat' dir='ltr'><strong>Thelde</strong></span> <span class='ocrx_word' id='word_1_417' title='bbox 870 4139 919 4191; x_wconf 85' lang='lat' dir='ltr'><strong>der</strong></span> <span class='ocrx_word' id='word_1_418' title='bbox 930 4139 1083 4191; x_wconf 74' lang='lat' dir='ltr'><strong>Prooin=.“</strong></span> <span class='ocrx_word' id='word_1_419' title='bbox 1100 4166 1131 4175; x_wconf 91' lang='lat'><em>-</em></span> <span class='ocrx_word' id='word_1_420' title='bbox 1149 4154 1209 4189; x_wconf 86' lang='lat' dir='ltr'><strong>mea</strong></span> <span class='ocrx_word' id='word_1_421' title='bbox 1225 4153 1283 4187; x_wconf 77' lang='lat' dir='ltr'><strong>run·</strong></span> 
     </span>
    </p>

    <p class='ocr_par' dir='ltr' id='par_1_8' title="bbox 173 4204 1282 4343">
     <span class='ocr_line' id='line_1_46' title="bbox 208 4204 1282 4275; baseline -0.003 -19"><span class='ocrx_word' id='word_1_422' title='bbox 208 4210 231 4257; x_wconf 91' lang='lat'><strong>1.</strong></span> <span class='ocrx_word' id='word_1_423' title='bbox 249 4208 317 4259; x_wconf 76' lang='lat' dir='ltr'><strong>milri</strong></span> <span class='ocrx_word' id='word_1_424' title='bbox 332 4206 589 4274; x_wconf 73' lang='lat' dir='ltr'><strong>faveo..toeudo]</strong></span> <span class='ocrx_word' id='word_1_425' title='bbox 605 4207 637 4258; x_wconf 79' lang='lat' dir='ltr'><strong>in</strong></span> <span class='ocrx_word' id='word_1_426' title='bbox 654 4208 704 4259; x_wconf 86' lang='lat' dir='ltr'><strong>der</strong></span> <span class='ocrx_word' id='word_1_427' title='bbox 755 4204 817 4275; x_wconf 85' lang='lat' dir='ltr'><strong>uu]</strong></span> <span class='ocrx_word' id='word_1_428' title='bbox 844 4205 923 4259; x_wconf 84' lang='lat' dir='ltr'><strong>nicht</strong></span> <span class='ocrx_word' id='word_1_429' title='bbox 944 4222 1001 4259; x_wconf 85' lang='lat' dir='ltr'><strong>von</strong></span> <span class='ocrx_word' id='word_1_430' title='bbox 1025 4205 1123 4259; x_wconf 83' lang='lat' dir='ltr'><strong>seiuen</strong></span> <span class='ocrx_word' id='word_1_431' title='bbox 1151 4205 1282 4267; x_wconf 76' lang='lat' dir='ltr'><strong>Selenen,</strong></span> 
     </span>
     <span class='ocr_line' id='line_1_47' title="bbox 173 4270 1087 4343; baseline 0.005 -23"><span class='ocrx_word' id='word_1_432' title='bbox 173 4270 334 4343; x_wconf 74' lang='lat' dir='ltr'><strong>Erllnltunp</strong></span> <span class='ocrx_word' id='word_1_433' title='bbox 346 4277 396 4327; x_wconf 82' lang='lat' dir='ltr'><strong>der</strong></span> <span class='ocrx_word' id='word_1_434' title='bbox 403 4275 621 4341; x_wconf 70' lang='lat' dir='ltr'><strong>Freundecltoft,</strong></span> <span class='ocrx_word' id='word_1_435' title='bbox 635 4275 662 4327; x_wconf 84' lang='lat' dir='ltr'><strong>d.</strong></span> <span class='ocrx_word' id='word_1_436' title='bbox 675 4276 702 4329; x_wconf 80' lang='lat' dir='ltr'><strong>lt.</strong></span> <span class='ocrx_word' id='word_1_437' title='bbox 754 4274 809 4327; x_wconf 86' lang='lat' dir='ltr'><strong>wie</strong></span> <span class='ocrx_word' id='word_1_438' title='bbox 822 4291 851 4327; x_wconf 88' lang='lat' dir='ltr'><strong>es</strong></span> <span class='ocrx_word' id='word_1_439' title='bbox 864 4274 946 4327; x_wconf 84' lang='lat' dir='ltr'><strong>meist</strong></span> <span class='ocrx_word' id='word_1_440' title='bbox 957 4273 1087 4341; x_wconf 82' lang='lat' dir='ltr'><strong>geschah.</strong></span> 
     </span>
    </p>
   </div>
   <div class='ocr_carea' id='block_1_6' title="bbox 0 0 1504 4650">
    <p class='ocr_par' dir='ltr' id='par_1_9' title="bbox 0 0 1504 4650">
     <span class='ocr_line' id='line_1_48' title="bbox 0 0 1504 4650; baseline 0 1"><span class='ocrx_word' id='word_1_441' title='bbox 0 0 1504 4650; x_wconf 95' lang='lat' dir='ltr'><strong> </strong></span> 
     </span>
    </p>
   </div>
  </div>
 </body>
</html>
