3000 4650
541 282 571 338 Τ.
587 281 772 338 POMPONIUS
787 281 934 338 nuribus.
1250 277 1292 344 75

179 448 274 509 solatii
295 453 375 516 ante,
397 463 485 527 quam
500 465 534 507 eo
555 447 659 507 venisti
678 465 695 507 a
713 446 869 526 Pompeio:
885 446 982 508 ‘Nunc
995 446 1186 510 Hortensium
1207 447 1291 510 allice

181 540 209 594 et
224 530 366 593 eiusmodi
380 531 480 591 viros!
510 530 650 600 Obsecro,
666 532 707 591 mi
725 529 883 610 Pomponi,
900 532 1032 592 nondum
1046 535 1199 611 perspicis,
1217 551 1292 612 quo·

178 635 246 678 rum
266 633 365 694 opera,
381 633 507 695 quorum
522 614 647 684 insidiis,
662 633 791 694 quorum
806 615 919 677 scelere
939 617 1133 694 perierimus?
1168 617 1226 679 Sed
1247 625 1291 678 te·

182 719 251 762 cum
265 700 339 761 baec
355 716 455 761 coram
470 717 599 778 agemus.
635 700 763 761 Tantum
779 700 859 770 dico,
882 699 960 779 quod
982 701 1058 762 sciro
1078 708 1105 761 te
1125 711 1212 780 puto:
1237 719 1291 761 nos

177 803 239 846 non
252 783 372 845 inimici
385 783 437 846 sed
451 782 542 844 invidi
555 783 756 862 perdiderunt.
789 784 874 845 Nunc
888 787 913 846 si
926 784 979 844 ista
994 792 1071 855 sunt,
1088 803 1164 865 quae
1178 804 1289 865 speras,

179 868 389 930 sustinebimus
403 885 459 929 nos
473 875 503 929 et
519 886 581 947 spe,
598 886 656 946 qua
676 867 776 938 iubes,
796 869 934 930 nitemur.
971 869 1038 938 Sin,
1055 877 1088 930 ut
1102 869 1174 930 mibi
1190 870 1290 932 riden-

177 962 241 1023 tur,
257 954 372 1013 infirma
387 959 470 1022 sunt,
486 952 565 1032 quod
586 954 697 1030 optimo
715 961 849 1030 tempore
869 953 969 1014 lacere
990 971 1050 1014 non
1071 952 1167 1023 licuit,
1190 956 1287 1016 minus

177 1038 284 1099 idoneo
299 1038 358 1099 fiet.
401 1037 539 1099 Terentia
555 1036 608 1097 tibi
623 1055 711 1116 saepe
726 1039 785 1116 agit
803 1039 920 1116 gratias.
955 1037 1025 1098 Mihi
1040 1039 1126 1100 etiam
1142 1056 1236 1099 unum
1251 1039 1288 1100 de
1310 1039 1329 1101 3

177 1121 262 1184 malis
279 1123 309 1182 in
324 1129 404 1182 metu
422 1130 474 1191 est,
489 1121 588 1181 lratris
602 1121 703 1181 miseri
716 1124 883 1198 negotium
896 1120 975 1199 quod
987 1123 1012 1182 si
1024 1124 1114 1183 sciam
1126 1123 1289 1184 cuiusmodi

177 1207 223 1272 sit,
246 1207 352 1275 sciam,
374 1205 443 1284 quid
459 1205 605 1282 agendum
627 1206 699 1265 mibi
714 1208 761 1266 sit.
804 1206 849 1266 Me
865 1207 1032 1267 etiamnunc
1052 1208 1177 1267 istorum
1197 1206 1289 1267 bene·

177 1291 312 1352 liciorum
338 1297 366 1351 et
388 1289 552 1351 litterarum
578 1291 770 1370 exspectatio,
796 1298 829 1351 ut
853 1289 906 1352 tibi
931 1289 1041 1368 placet,
1062 1290 1289 1352 Thessalonicae

176 1381 268 1435 tenet.
297 1375 328 1434 Si
346 1375 415 1453 quid
430 1377 486 1436 erit
500 1376 567 1435 novi
581 1372 714 1443 allatum,
733 1374 837 1444 sciam,
856 1374 892 1437 de
913 1372 1028 1455 reliquo
1047 1375 1118 1452 quid
1140 1375 1289 1452 agendum

178 1461 223 1519 sit.
251 1459 296 1520 Tu
312 1459 345 1530 si,
361 1465 394 1520 ut
408 1458 521 1525 scribis,
538 1457 601 1519 Kal.
618 1458 681 1519 lun.
697 1458 790 1518 Roma
806 1458 956 1538 profectus
973 1477 1013 1526 es,
1035 1459 1208 1538 propediem
1231 1475 1286 1520 nos

176 1542 298 1604 videbis.
336 1543 476 1612 Litteras,
500 1561 571 1622 quas
594 1543 630 1603 ad
645 1543 818 1621 Pompeium
840 1543 957 1620 scripsi,
974 1543 1027 1602 tibi
1050 1545 1123 1604 misi.
1161 1542 1224 1604 bat.
1240 1543 1282 1605 ld.

178 1627 243 1688 lun.
258 1626 474 1689 Thessalonica.

595 1791 774 1858 Emsronn
793 1790 871 1855 VH.

583 1916 699 1973 CICERO
718 1915 837 1973 ATTICO
858 1916 885 1973 S.

260 2048 331 2109 Acta
346 2065 421 2125 quae
436 2016 533 2109 e'ssent
550 2065 647 2126 usque
658 2065 684 2107 a.
700 2047 728 2107 d.
745 2067 812 2108 vm.
824 2045 945 2110 Kalend.
961 2047 1024 2107 lun.
1041 2048 1165 2124 cognovi
1180 2066 1216 2108 ex
1229 2047 1285 2107 tuis
1308 2043 1325 2103 1

176 2132 289 2194 litteris.
320 2131 441 2212 Reliqua
455 2131 670 2209 exspectabam,
686 2139 719 2191 ut
733 2130 786 2190 tibi
802 2130 948 2208 placebat,
965 2129 1203 2200 Thessalonicam
1223 2133 1287 2210 qui·

175 2217 232 2278 bus
247 2216 340 2277 allatis
355 2215 469 2278 facilius
483 2223 611 2277 statuere
624 2223 744 2295 potero,
762 2214 812 2275 ubi
827 2216 892 2275 sim.
926 2214 1009 2285 Nam,
1025 2215 1050 2275 si
1064 2217 1121 2275 erit
1135 2232 1238 2284 causa,
1263 2217 1288 2277 si

177 2301 248 2380 qnid
263 2309 375 2379 agetur,
392 2302 416 2363 si
430 2319 514 2381 spem
528 2299 637 2370 videro,
654 2306 704 2361 aut
718 2298 827 2360 ibidem
843 2301 979 2379 opperiar
996 2306 1045 2361 aut
1060 2317 1108 2361 me
1121 2299 1159 2361 ad
1172 2306 1202 2361 te
1216 2317 1288 2362 con·

175 2386 285 2453 ieram;
306 2387 361 2454 sin,
374 2393 408 2446 ut
421 2393 454 2447 tu
469 2384 583 2456 scribis,
601 2388 656 2445 ista
672 2386 859 2455 evanuerint,
880 2383 991 2464 aliquid
1015 2384 1093 2445 aliud
1113 2384 1285 2447 videbimus.

179 2466 305 2528 Omnino
324 2468 420 2529 adbuc
435 2468 507 2529 nibil
526 2467 598 2528 mibi
613 2469 781 2547 significatis
797 2469 851 2528 nisi
867 2467 1044 2530 discordiam
1059 2470 1192 2537 istornm;
1211 2488 1286 2549 quae

176 2556 276 2613 tamen
291 2554 368 2613 inter
383 2570 434 2613 eos
450 2553 486 2613 de
501 2552 637 2614 omnibus
652 2553 749 2631 potius
763 2551 853 2614 rebus
869 2561 913 2613 est
928 2570 1015 2631 quam
1030 2553 1066 2613 de
1081 2570 1137 2613 me.
1175 2551 1298 2632 ltaque,¹

177 2636 248 2715 quid
267 2654 302 2697 ea
316 2635 387 2696 mibi
400 2638 502 2715 prosit,
518 2638 627 2699 nescio.
656 2635 713 2699 Sed
727 2644 833 2706 umen,
850 2636 946 2717 quoad
961 2655 1008 2698 me
1022 2653 1073 2697 vos
1088 2655 1209 2715 sperare
1224 2637 1287 2698 vul·

175 2722 222 2791 tis,
240 2720 323 2781 vobis
338 2720 558 2801 obtemperabo.
586 2722 659 2782 Nam
674 2721 752 2800 quod
770 2739 818 2782 me
836 2730 896 2782 tam
909 2739 997 2800 saepe
1011 2728 1111 2783 ettam
1127 2722 1283 2784 vehemen-
1306 2729 1326 2791 2

176 2812 220 2865 ter
238 2804 376 2883 obiurgas
392 2813 422 2867 et
436 2808 533 2867 animo
554 2806 670 2866 infirmo
693 2823 758 2867 esse
780 2806 866 2873 diois,
892 2823 1017 2883 quaeso,
1044 2806 1157 2886 ecquod
1172 2814 1287 2869 tantum

175 2888 284 2951 malum
308 2897 365 2960 est,
390 2890 467 2970 quod
483 2892 513 2951 in
528 2908 594 2951 mea
610 2889 772 2952 calamitate
788 2907 847 2949 non
866 2890 920 2949 siti
955 2892 1054 2968 ecquis
1077 2908 1208 2969 unquam
1227 2899 1287 2953 tam

176 2992 211 3035 ex
228 2973 324 3052 amplo
340 2983 426 3044 statu,
442 2977 547 3036 tamin
561 2974 637 3034 bona
653 2992 751 3044 causa,
769 2976 857 3049 tantis
871 2973 1057 3035 facultatibus
1071 2975 1193 3050 ingenii,
1217 2992 1287 3035 con-

176 3058 247 3129 silii,
263 3062 390 3139 gratiae,
405 3061 495 3120 tantis
509 3058 662 3138 praesidiis
676 3057 822 3119 bonorum
837 3059 969 3119 omnium
983 3057 1129 3120 concidit?
1162 3059 1287 3122 Possum
1371 3058 1373 3062 ’

176 3241 258 3292 Stella
269 3241 614 3309 kamet-Hortensium]
629 3243 705 3294 Hor·
756 3242 802 3295 die
826 3242 904 3295 seins
927 3243 1060 3295 Frenndc
1083 3242 1139 3295 ihm
1162 3242 1192 3295 in
1215 3244 1287 3297 Rom

177 3306 705 3377 uranius(geb.ll4‚gest.50)warnaob
754 3310 895 3362 leisteten.

178 3373 278 3427 Cicero
301 3376 352 3427 der
369 3377 574 3429 bedentendote
590 3378 706 3430 Redner

177 3441 234 3494 und
246 3442 330 3495 stand
341 3443 439 3495 immor
449 3446 498 3496 nul
506 3444 557 3497 der
566 3444 644 3496 Seite
655 3445 706 3497 der
789 3447 886 3497 Error.
899 3444 960 3495 VII.
979 3445 1052 3508 (696.
1064 3443 1119 3507 58.)
1137 3442 1195 3494 Der
1207 3442 1291 3496 Briel

178 3507 349 3576 Optimaten.
372 3510 473 3563 Cicero
487 3511 604 3564 urtheilt
617 3512 706 3564 mebr-
756 3512 796 3564 ist
804 3509 1287 3578 znTbessalonicb,dreiTagenach

175 3576 241 3628 focb
252 3577 316 3629 sehr
327 3577 417 3629 bitter
427 3577 497 3630 tiber
514 3578 570 3630 ibn.
595 3608 627 3615 —
651 3580 707 3631 istu
757 3579 819 3632 dem
832 3578 950 3646 rotigen
960 3576 1152 3645 gescbrieben.

176 3641 260 3711 suut]
279 3645 350 3698 Esse
364 3644 404 3697 ist
419 3644 480 3697 bier
498 3645 575 3697 nicht
588 3645 706 3715 Copula,
791 3650 815 3697 1.
833 3646 882 3698 ubi
894 3645 961 3713 sim]
981 3662 1021 3697 coo
1034 3645 1079 3696 iola
1090 3646 1160 3696 miclt
1173 3647 1288 3711 oufltol-

176 3711 299 3763 sondorn
311 3713 388 3765 stelit
398 3712 429 3764 in
442 3712 626 3779 eigantliober
638 3714 704 3780 prd—
756 3720 802 3765 ten
814 3714 876 3764 soll.
889 3741 920 3750 -
933 3714 958 3764 εἰ
969 3714 1023 3764 erit
1034 3712 1137 3780 causa]
1151 3730 1230 3765 menn
1242 3714 1288 3766 ein

174 3786 297 3846 guanter
311 3780 493 3847 Bedeutung,
510 3779 565 3833 wie
583 3780 668 3834 Tuse.
682 3782 704 3833 Ι.
756 3782 945 3847 Beaoepprund
967 3781 1130 3832 nortanden
1152 3781 1203 3845 ict3
1228 3798 1287 3835 was

175 3850 200 3901 6.
218 3850 258 3898 10.
282 3847 392 3899 Adeone
408 3865 450 3899 me
466 3848 587 3899 delirare
602 3864 704 3913 censes,
756 3849 807 3901 der
824 3849 1021 3915 Beweggrund
1038 3848 1099 3899 sein
1121 3848 1187 3912 soll,
1211 3849 1288 3916 τοίς-ι

174 3921 208 3966 ut
218 3914 275 3965 iota
287 3930 344 3965 ecoe
356 3917 473 3967 credam.
494 3915 594 3983 vgt.1.
608 3919 648 3968 18.
661 3920 705 3968 44.
757 3916 976 3997 dasllolgende:
995 3915 1020 3967 oi
1036 3916 1104 3983 quid
1121 3924 1221 3997 cupetur
1236 3923 1287 3969 ete.

174 3982 336 4102 'alliis'
350 3981 705 4116 attitulatus
755 3982 1287 4117 stt?[dittltll'ttttalbllf

176 4115 278 4168 beetebt
286 4116 335 4181 fair
343 4117 414 4168 mielt
424 4117 465 4167 dic
472 4119 544 4183 jetzt
552 4120 621 4170 nocla
632 4119 705 4169 bloso
756 4118 838 4237 §ejus
849 4117 1037 4181 undClodius‚
1047 4116 1187 4169 zwiscben
1196 4118 1286 4169 denen

175 4182 205 4232 in
219 4185 267 4234 der
278 4185 393 4235 Furobt.
404 4213 437 4220 —
454 4185 586 4252 ictorum]
601 4186 629 4237 S.
644 4202 667 4237 z.
681 4186 704 4238 l.
778 4185 973 4252 treitiglreiten
987 4184 1206 4250 nnsgebrocben.

177 4251 217 4300 18.
235 4254 275 4303 20.
295 4279 330 4289 -
350 4251 557 4319 beneficiorum]
580 4253 703 4318 Dienote,
789 4256 814 4306 2.
832 4250 1132 4318 tuntiofucultutibuo]
1153 4250 1215 4316 „tei
1232 4250 1286 4301 ool-
