3000 4650
539 259 862 330 eruimuscmmo
1227 250 1270 316 59

158 425 239 488 datas
260 425 423 494 Placentia;
450 425 557 487 deinde
577 423 682 486 alteras
704 425 859 503 postridie,
885 425 966 485 datas
985 423 1176 485 Blandenone
1190 441 1269 488 ,curn

158 512 290 572 Caesaris
304 511 416 580 litteris,
433 510 549 574 relectis
565 511 645 571 omni
658 510 764 580 silleio,
779 508 934 588 diligentia,
951 509 1099 570 suauitate.
1126 509 1201 569 Sunt
1215 509 1269 569 ista

157 596 276 675 quidem
290 613 409 674 magna,
428 595 474 656 vel
489 597 586 673 potius
600 596 736 656 maxima.
776 593 892 655 llabcnt
910 595 988 655 enim
1008 595 1065 654 vim
1079 609 1216 669 magnam
1231 592 1268 653 ad

157 679 280 758 gloriam
296 685 325 740 et
339 681 375 741 ad
391 697 535 740 summam
553 680 745 758 dignitatem„
776 679 835 740 Sed
855 679 928 740 mihi
949 679 1052 748 crede,
1076 696 1164 757 quem
1177 679 1264 747 nosti,

83 817 86 822 .
157 765 236 845 quod
250 766 359 825 inistis
377 764 467 826 rebus
487 759 542 842 ego
557 764 675 844 plurimi
695 765 833 833 aestimo,
854 764 884 825 id
904 765 962 824 iam
977 762 1089 824 habeo:
1105 769 1134 823 te
1156 761 1286 824 scilieet

156 942 218 994 tum
234 935 263 996 in
280 951 327 995 me
343 952 484 1004 amorem,
501 951 589 1012 quem
607 932 744 994 omnibus
758 934 793 993 iis
808 932 980 1004 honoribus,
996 950 1070 1010 quos
1083 950 1132 992 me
1145 950 1162 992 a
1173 951 1205 993 se
1218 950 1267 992 ex·

157 1024 290 1096 spectare
316 1017 391 1089 vult,
419 1025 576 1096 antepono.
618 1018 745 1079 Litterae
765 1034 843 1078 vero*
857 1019 918 1080 eius
938 1035 997 1079 una
1013 1017 1096 1078 datae
1116 1035 1184 1078 cum
1198 1018 1267 1085 tuis,

156 1119 281 1182 quarum
295 1104 408 1165 initium
429 1109 486 1173 est,
503 1121 589 1182 quam
612 1104 707 1164 suavis
723 1103 749 1163 ei
761 1109 835 1165 tuus
851 1102 993 1163 adventus
1008 1102 1097 1164 luerit
1118 1108 1147 1162 et
1167 1119 1267 1162 recor·

157 1187 233 1248 datio
249 1189 356 1249 veteris
372 1189 489 1256 amorim
506 1187 620 1258 deinde,
637 1205 669 1248 se
684 1187 875 1257 effecturum,
890 1194 924 1248 ut
938 1203 994 1264 ego
1009 1188 1039 1248 in
1053 1186 1150 1248 medio
1167 1184 1269 1247 dolore
1304 1184 1307 1191 '

156 1290 189 1332 ac
206 1271 352 1333 desiderio
369 1274 413 1332 tui
426 1279 464 1343 te,
482 1291 549 1333 cum
565 1291 581 1332 a
596 1291 643 1333 me
659 1271 787 1342 abesses,
807 1273 991 1352 potissimum
1008 1289 1108 1333 secum
1124 1288 1188 1332 esse
1205 1270 1265 1332 lae·
1352 1332 1357 1339 ,

156 1362 243 1427 tarer,
258 1355 470 1418 incredibiliter
484 1356 677 1418 delectarunt.
722 1358 820 1429 Quare
841 1357 913 1418 lacis
931 1362 963 1417 tn
984 1356 1103 1436 quidem
1123 1356 1264 1425 fraterne,
1286 1345 1306 1404 2

155 1443 232 1520 quod
253 1459 300 1502 me
314 1442 452 1512 hortaris,
472 1442 524 1502 sed
540 1440 710 1502 mehercule
727 1447 896 1503 currentem
911 1458 990 1502 nunc
1007 1441 1139 1520 quidem,
1158 1447 1192 1501 ut
1205 1459 1268 1501 om-

154 1525 201 1586 nia
216 1545 281 1588 mea
296 1527 391 1587 studia
405 1529 436 1586 in
455 1528 543 1588 istum
559 1543 650 1588 unum
666 1526 825 1587 conferam.
856 1526 919 1602 Ego
935 1543 1005 1586 vero
1021 1525 1135 1586 ardenti
1151 1525 1269 1605 quidem

155 1611 250 1671 studio
267 1610 324 1672 hoc
340 1611 464 1672 sortasse
479 1611 613 1680 alliciam,
631 1610 710 1689 quod
726 1627 815 1690 saepe
830 1609 998 1680 viatoribus,
1014 1628 1081 1670 cnm
1097 1619 1268 1688 properant,
1300 1620 1303 1624 “

156 1697 267 1755 evenit:
283 1703 324 1764 ut,
342 1696 366 1754 si
384 1697 479 1758 serius
494 1713 582 1774 quam
602 1694 748 1755 voluerint
768 1695 845 1756 lorte
859 1696 1057 1763 surrexerint,
1080 1694 1268 1772 properando
1337 1704 1339 1708 '

156 1780 242 1839 etiam
259 1781 361 1850 citius,
385 1799 474 1859 quam
492 1781 516 1840 si
532 1780 569 1840 de
583 1786 667 1840 nocte
685 1779 861 1858 vigilassent,
882 1780 1068 1858 perveniant,
1085 1797 1143 1857 quo
1163 1777 1267 1838 velint:

155 1864 197 1923 sic
215 1881 278 1942 ego,
298 1866 435 1940 quoniam
451 1866 480 1924 in
496 1865 551 1924 isto
568 1864 688 1925 homine
703 1862 827 1925 colendo
846 1871 907 1924 tam
920 1863 1077 1924 indormivi
1093 1863 1143 1926 diu
1163 1869 1193 1925 te
1206 1882 1268 1924 me·

153 1947 274 2008 hercule
289 1967 377 2028 saepe
395 1950 546 2018 excitante,
567 1967 656 2010 cursu
673 1951 819 2025 corrigam
833 1949 1000 2011 tarditatem
1016 1966 1084 2008 cum
1103 1949 1185 2027 equis
1206 1955 1268 2008 tum

153 2050 223 2092 vero
241 2067 282 2079 —-
298 2035 434 2111 quoniam
450 2041 482 2094 tu
495 2033 599 2094 scribis
614 2037 719 2112 poema
738 2033 776 2094 ab
791 2053 827 2095 eo
842 2041 976 2094 nostrum
992 2031 1113 2112 probari
1135 2067 1172 2078 —
1195 2052 1267 2112 qua·

154 2115 245 2194 drigis
261 2119 392 2195 poeticis.
418 2118 504 2180 Modo
520 2119 592 2179 mihi
606 2118 868 2188 dateBritanniam,
884 2136 973 2197 quam
987 2119 1105 2197 pingam
1121 2117 1269 2198 coloribus

152 2202 219 2270 tuis,
236 2201 372 2279 penicillo
384 2220 459 2266 mee.
497 2203 554 2263 Sed
567 2202 636 2282 quid
650 2203 723 2280 agot
741 2203 821 2282 qnod
831 2202 904 2264 mihi
919 2209 1043 2282 tempus,
1059 2201 1171 2263 Romae
1182 2218 1268 2280 prae-

153 2287 270 2357 sertim,
285 2294 319 2347 ut
333 2288 387 2349 iste
404 2306 451 2349 me
468 2294 562 2367 rogat,
577 2289 715 2357 manenti,
734 2305 859 2349 vacuum
873 2287 1054 2350 ostenditur?
1084 2287 1142 2349 Sed
1157 2286 1267 2349 videro,

118 2412 120 2417 ν
153 2370 289 2433 Fortasse
304 2374 391 2443 enim,
407 2382 439 2435 ut
452 2374 494 2443 iit,
511 2374 606 2433 vincet
619 2380 688 2434 tuus
705 2391 788 2436 amor
802 2391 906 2435 omnes
919 2371 1113 2435 difficultates.
1154 2371 1265 2433 Treba·
1288 2377 1307 2438 3

152 2555 554 2611 UeberCicerosVerhiiltniss
565 2573 599 2609 zu
611 2558 682 2609 Cae·
732 2544 765 2611 C.
778 2559 799 2610 Ι.
815 2560 855 2610 51.
883 2559 929 2610 Ad
939 2558 989 2609 ltus
1001 2555 1196 2638 opprimendos
1207 2572 1268 2608 cum

152 2640 207 2675 sur.
222 2640 244 2675 s.
258 2623 333 2677 Einl.
346 2642 371 2676 z.
385 2625 410 2679 J.
424 2630 481 2679 700.
734 2627 808 2678 unani
832 2627 960 2693 equitatu
984 2625 1129 2691 tribusque
1152 2623 1268 2690 legioni-

628 2710 631 2715 ·
734 2696 786 2746 due
802 2695 944 2760 Afranius
961 2695 995 2745 de
1016 2699 1095 2745 nocte
1115 2691 1268 2760 proficisci-

187 2760 208 2811 1.
238 2758 434 2826 Blandenone]
461 2760 520 2812 Der
537 2760 626 2812 Name
645 2759 685 2811 ist
735 2769 792 2813 tur.
816 2790 851 2800 -
874 2760 1189 2828 campaniensem]
1209 2760 1267 2811 Der

153 2825 291 2878 nnsicher.
321 2854 353 2863 -
381 2824 455 2895 ista]
481 2845 540 2879 was
564 2828 608 2880 nu
633 2827 684 2879 mir
735 2829 806 2881 Sinn
824 2828 875 2881 ist:
893 2827 940 2879 leli
957 2828 1054 2880 werde
1072 2844 1114 2879 nm
1132 2828 1267 2879 dasVer-

151 2892 292 2951 schreibst
316 2894 372 2945 und
389 2895 496 2947 Caesar
513 2894 684 2963 versprieht.
735 2897 843 2948 sdumte
855 2902 907 2963 gut
918 2912 953 2947 zu
966 2894 1095 2956 munchen,
1114 2912 1170 2945 nun
1184 2894 1267 2959 eilen,

131 3014 133 3019 ,
150 2960 206 3011 late
223 2961 289 3027 geht
300 2962 371 3013 auch
383 2962 420 3013 im
432 2962 513 3029 Folg.
526 2962 622 3014 immor
635 2963 687 3014 uni
736 2964 815 3015 nicht
826 2964 877 3015 ruit
889 2963 1013 3015 Plerden
1027 2961 1126 3026 ullein,
1144 2962 1267 3013 sondern

152 3028 266 3082 Ceasar.
275 3056 310 3067 —
318 3030 430 3083 Habent
441 3069 447 3084 .
459 3068 465 3081 .
477 3029 557 3095 uim]
569 3030 614 3081 Sic
624 3047 683 3081 uer·
735 3048 819 3099 segur
831 3032 882 3083 mit
894 3032 955 3084 dem
968 3028 1137 3097 gcfldgelten
1151 3029 1269 3096 Vierge-

150 3097 246 3160 mdpen
263 3098 316 3147 viel
333 3099 533 3163 deizutrupen.v
556 3098 613 3149 Ans
632 3097 683 3149 der
734 3116 824 3169 spann
839 3099 887 3151 des
900 3098 1042 3152 Dichters.
1057 3126 1091 3134 —
1106 3098 1202 3164 pui'mu
1219 3114 1280 3156 nos

150 3162 348 3232 Bezeichnung
364 3165 414 3218 der
431 3165 575 3232 Richtung
588 3165 682 3217 'durch
733 3166 835 3235 strunt]
848 3164 1082 3220 wabrsclreinlich
1094 3164 1139 3217 ein
1146 3165 1269 3217 Gedicht

151 3232 190 3282 ud
207 3231 318 3299 ergiebt
335 3232 395 3284 sich
413 3231 683 3285 leichtdiedndeu-
733 3251 770 3286 zu
781 3234 1021 3287 EhrenCaesurs.
1057 3232 1112 3295 Qu.
1126 3233 1161 3284 fr.
1175 3233 1212 3284 ll.
1227 3236 1267 3283 16.

149 3304 221 3365 tung
243 3300 292 3351 des
311 3300 460 3367 Zweelres,
484 3299 619 3352 wodurclr
636 3299 681 3351 die
729 3305 756 3361 Ι5.
770 3301 896 3353 schreibt
908 3301 1010 3352 Cicero
1023 3299 1147 3351 durdber
1160 3316 1195 3351 an
1210 3299 1267 3351 sei-

149 3365 348 3435 Praepositiun
372 3368 435 3420 eine
458 3366 575 3421 verbale
595 3367 683 3419 Kraft
733 3369 923 3421 rrenBruder:
942 3368 1067 3419 Primum
1078 3366 1179 3419 librum
1190 3384 1220 3417 se
1231 3369 1268 3418 le-

150 3433 250 3485 erhilt.
274 3434 351 3486 Fam,
368 3434 401 3487 X.
421 3439 497 3488 lm.
534 3436 682 3486 adomnia
730 3436 805 3502 pisse
816 3436 929 3503 scripsit
940 3435 1071 3499 (Caesar)
1085 3436 1123 3486 ud
1134 3452 1175 3485 nte
1187 3442 1265 3486 ante:

149 3502 282 3567 pericula=
296 3502 369 3568 (men
388 3503 506 3569 erginzt
522 3501 681 3567 subeunda)
732 3510 759 3555 et
770 3504 862 3571 primu
874 3504 928 3567 sie,
945 3509 979 3554 ut
996 3509 1076 3567 neget
1093 3519 1122 3553 se
1133 3518 1168 3553 nc
1180 3503 1266 3553 Grue-

148 3568 278 3637 princeps
289 3588 348 3621 esre
363 3587 420 3621 nun
437 3570 586 3623 recusauit.
603 3596 635 3607 -
654 3576 686 3620 se
733 3589 766 3623 eu
781 3572 890 3639 puidam
904 3570 1019 3622 meliora
1033 3570 1138 3634 legisse.
1152 3598 1183 3606 —
1202 3572 1267 3621 duic

149 3637 326 3704 effecturum]
362 3638 421 3691 Der
444 3637 526 3689 Infin.
552 3636 684 3689 schliesst
733 3638 925 3705 Britanniam]
938 3636 1187 3690 centenurii:
1199 3637 1266 3689 Lie-

148 3703 208 3755 sich
219 3704 278 3756 lose
290 3722 325 3756 un
335 3722 452 3773 puerum
461 3704 573 3756 initium
584 3711 625 3756 eet
637 3721 682 3759 un.
734 3708 793 3759 fert
805 3705 858 3758 mir
870 3723 924 3758 nur
937 3707 979 3757 uls
991 3705 1068 3757 staff
1078 3704 1160 3756 einen
1174 3704 1266 3772 ereig-

149 3800 182 3809 -
195 3772 385 3839 delectarunt]
400 3791 437 3825 sc.
452 3790 502 3825 me.
734 3774 958 3841 nissvollenZug
968 3772 1117 3825 nucerrit.
1130 3772 1265 3825 EineAn-

733 3840 865 3910 spielung
876 3843 929 3893 aul
938 3842 992 3893 den
1006 3840 1081 3907 Zug,
1095 3840 1146 3891 der
1158 3840 1266 3893 damals

182 3910 207 3962 2.
225 3907 394 3974 currentem]
408 3908 472 3975 Vgl.
485 3907 508 3960 Ι.
522 3912 563 3961 18.
574 3911 615 3961 46.
629 3907 682 3959 Die
733 3909 837 3975 genade
857 3926 911 3961 von
930 3908 1037 3961 Caesar
1054 3914 1266 3960 unternomnren

148 3974 309 4027 Redenssrt
322 3992 381 4027 war
393 3976 636 4046 sprdchwdrtlicln.
649 4002 681 4011 -
732 3977 878 4030 wurde.-
889 3975 1038 4042 coloritus]
1047 3974 1172 4038 Quintus
1182 3976 1265 4027 sollte
1291 3999 1295 4004 ·

149 4042 182 4095 de
205 4041 297 4109 nocte]
329 4044 398 4094 nuclr
423 4044 502 4095 einen
529 4044 609 4096 Tuan
633 4044 682 4093 der
733 4044 779 4095 die
790 4044 913 4110 Fortun,
927 4043 973 4096 die
985 4042 1198 4109 Beschreibung
1215 4043 1265 4095 der

148 4108 249 4161 Nuelrt.
260 4111 353 4163 Nocte
364 4110 681 4175 isteinfaclerschts‚
732 4111 842 4177 Nutur,
860 4111 955 4164 Sitten
971 4128 999 4163 u.
1018 4129 1039 4163 s.
1057 4128 1092 4163 ιν.
1106 4110 1219 4162 lietern.
1233 4136 1264 4145 -—

148 4176 280 4230 wiihrend
303 4178 354 4230 der
374 4178 480 4240 Nueht,
505 4180 538 4229 de
554 4186 682 4230 noete:
731 4185 800 4231 tuus
826 4179 923 4245 amur]
951 4186 1019 4232 tuus
1041 4177 1089 4231 fir
1116 4177 1171 4229 den
1193 4179 1262 4228 Gon.

148 4260 203 4297 ron
221 4246 272 4297 der
284 4245 379 4299 Neoht
394 4246 453 4299 her.
477 4244 540 4313 Vgl.
555 4246 636 4303 Caes.
648 4246 681 4297 Β.
732 4247 790 4313 obj.
803 4248 855 4299 tui.
