3000 4650
243 252 304 319 176
643 261 704 319 LlB.
721 260 763 318 [ΙΙ.
786 259 888 318 EPlST.
904 263 947 317 40.

194 432 217 492 4
237 422 356 486 bulanu.
371 425 512 487 Secutum
518 422 591 487 illud
597 430 713 503 tempus
719 432 773 495 est
788 442 855 486 cum
864 424 1358 506 meadPompeiurnprofieiscisive

178 524 181 528 ’
246 509 344 589 pudor
354 528 438 571 mens
449 510 546 588 coegi
556 510 617 572 sive
629 510 761 571 officium
776 512 836 571 sive
851 509 980 571 fortuna.
1004 510 1090 583 Quod
1107 510 1356 581 ciliciumtuum,

242 593 320 672 quod
336 594 465 656 studium
478 592 525 657 rel
539 594 569 654 in
584 593 735 656 absentem
758 612 807 655 me
826 593 874 656 rel
895 595 925 654 in
947 601 1121 673 praesentes
1141 611 1225 657 meos
1245 593 1358 656 debuit?

242 695 331 757 quem
349 695 441 757 porro
455 696 558 744 omnes
572 680 632 740 mei
647 677 765 740 etmihi
786 685 815 739 et
831 677 889 739 sibi
903 679 1119 740 teamieiorem
1133 678 1356 741 iudimveruntt

148 749 161 784 ¹
242 760 314 823 Veni
328 763 528 826 Brundisium.
550 762 721 825 oblitumne
734 780 784 823 me
797 767 897 839 putes,
920 778 978 841 qua
992 761 1157 833 eeleritate,
1180 769 1214 825 ut
1227 762 1357 843 primum

89 849 95 858 '
141 865 150 884 ‚
194 877 216 928 t,
242 847 385 919 audieris,
411 847 448 909 ad
462 865 512 909 me
524 846 652 908 Tarento
666 844 827 907 advolarisi
849 852 987 925 quaetua
1002 845 1233 917 lueritasssssio,
1250 848 1354 915 oratio,

196 940 216 1002 5
240 933 422 993 condrnmtio
435 932 525 992 animi
539 933 598 993 mei
615 932 701 992 tracti
718 931 921 990 communium
940 931 1128 993 miseriarum
1144 931 1244 992 mani
1278 930 1356 992 'lau-

242 1016 309 1078 dem
326 1015 481 1097 aliquando
495 1005 607 1078 Rornae
623 1032 688 1077 esse
703 1014 864 1091 coepimus.
894 1011 971 1083 Quid
986 1013 1079 1076 deluit
1094 1021 1213 1078 nostrae
1234 1014 1357 1076 familia·

241 1101 339 1161 ritati‘t
360 1100 394 1162 ln
408 1100 541 1161 maximis
556 1098 647 1160 rebus
663 1115 792 1177 quorum
805 1097 895 1159 modo
910 1114 1048 1176 gererem
1062 1117 1110 1161 me
1130 1099 1273 1161 adversus
1284 1099 1357 1161 Cae·

243 1202 355 1253 sarem,
373 1201 445 1246 usus
459 1190 510 1245 tuo
526 1181 648 1245 consilio
663 1200 747 1252 sum;
769 1181 800 1241 in
813 1180 936 1260 reliquis
948 1182 1056 1244 officio.
1100 1182 1155 1245 Cui
1168 1190 1201 1245 tu
1214 1183 1354 1255 tribuisti,

244 1274 368 1347 excepto
380 1266 514 1338 Caesae
530 1272 649 1346 praeter
664 1284 721 1336 me,
737 1272 771 1327 ut
782 1264 903 1327 domum
914 1267 1073 1330 ventitares
1087 1267 1235 1347 horasque
1248 1266 1356 1329 nardus

244 1369 333 1431 saepe
351 1352 522 1414 suavissimo
537 1367 676 1413 sermone
687 1350 897 1412 consumeres?
911 1356 993 1422 tum,
1010 1369 1079 1413 cum
1093 1353 1196 1422 etiam,
1210 1354 1235 1413 si
1250 1354 1354 1414 memi-

241 1436 335 1507 nisti,
356 1441 389 1499 ut
405 1436 480 1498 haec
498 1431 742 1513 φιλοσοφούμενα
758 1432 939 1505 scriberem,
966 1441 999 1497 tu
1020 1453 1069 1497 me
1088 1435 1239 1515 impulisti.
1283 1437 1356 1498 Post

199 1526 219 1587 c
241 1519 374 1584 Caesaris
397 1520 525 1583 reditum
541 1520 613 1599 quid
625 1519 679 1581 tibi
692 1520 800 1580 maiori
821 1536 912 1581 curae
932 1519 1002 1591 suit,
1016 1537 1105 1598 mam
1125 1528 1159 1581 ut
1179 1538 1275 1582 essem
1298 1537 1353 1599 ego

238 1603 280 1668 illi
295 1622 383 1685 quarn
406 1604 667 1667 familiarissimus?
696 1604 775 1683 quud
800 1603 951 1665 effeceras.
997 1604 1146 1675 Quorsum
1164 1605 1257 1683 igitur
1276 1604 1352 1666 haec

151 1689 173 1754 ,’
242 1690 337 1750 oratio
352 1688 483 1767 longior,
501 1706 588 1767 quam
604 1688 763 1768 putaram?
786 1688 860 1760 Quia
876 1705 942 1749 sum
963 1687 1124 1749 admiratus
1138 1696 1185 1759 te,
1209 1690 1261 1768 qui
1280 1690 1355 1751 haec

240 1789 330 1834 nosse
353 1773 493 1842 deberes,
516 1773 676 1854 quidquam
690 1789 708 1833 a
721 1789 771 1834 me
794 1773 1009 1841 commissum„
1028 1771 1106 1856 quod
1130 1781 1208 1835 esset
1228 1774 1353 1835 alienum

240 1865 344 1919 nostra
360 1858 503 1927 amicitia,
527 1857 695 1918 credidisse.
739 1857 815 1918 Nam
836 1865 957 1934 praeter
977 1855 1065 1927 haec,
1086 1875 1162 1937 quae
1174 1875 1352 1919 commemo·

240 1941 320 2012 ravi,
344 1959 419 2021 quae
433 1949 539 2003 testata
553 1948 621 2003 sunt
638 1948 667 2001 et
677 1939 818 2009 illustria,
841 1938 937 2002 babeo
957 1939 1050 2001 multo
1073 1940 1263 2020 occultiora,
1279 1959 1355 2022 quae

241 2024 289 2085 vix
303 2025 406 2087 uerbis·
419 2026 540 2105 exsequi
554 2042 686 2105 possum.
730 2024 835 2086 Omnia
850 2042 899 2086 me
912 2030 964 2087 tua
982 2024 1139 2096 delectant,
1160 2026 1213 2089 sed
1226 2028 1355 2089 maxime

240 2111 368 2171 maxima
385 2127 452 2171 cum
466 2110 580 2171 fidesin
593 2110 728 2179 amicitia,
752 2106 916 2179 consilium,
939 2111 1075 2188 marnas
1097 2112 1270 2180 constantia,
1288 2119 1355 2171 tum

240 2192 339 2271 lepos,
362 2193 544 2265 humanitas,
563 2193 687 2256 litterae.
722 2192 909 2271 Quapropter
932 2193 1025 2255 redeo
1047 2211 1127 2256 nune
1141 2195 1178 2257 ad
1193 2193 1353 2277 querelam.

201 2289 221 2350 7
244 2276 307 2355 Ego
324 2284 355 2341 te
379 2278 551 2358 suffragium
576 2276 676 2341 tulisse
688 2278 721 2339 in
730 2275 781 2338 illa
791 2275 859 2354 lege
882 2277 1010 2355 prinum
1022 2295 1083 2340 non
1095 2279 1206 2342 credidi
1213 2298 1221 2350 ;
1238 2278 1355 2349 deinde,

241 2364 267 2424 si
287 2363 492 2435 credidissem,
514 2381 667 2443 nunquam
680 2363 710 2424 id
725 2363 789 2423 sine
804 2361 900 2441 aliqua
915 2363 990 2423 insta
1009 2380 1096 2424 causa
1112 2366 1310 2426 existimarem
1326 2373 1358 2425 te

240 2448 355 2509 fecisse.
396 2448 527 2527 Dignitas
547 2456 597 2509 tua
619 2448 705 2517 iacit,
734 2452 769 2507 ut
788 2445 1054 2518 animadvertatur,
1084 2448 1227 2528 quidquid
1258 2449 1356 2517 iacias,

240 2530 443 2594 malevolentia
458 2541 557 2595 autem
569 2532 737 2600 homiuum,
755 2537 789 2592 ut
806 2529 946 2592 nonnulla
960 2532 1077 2602 durius,
1099 2549 1188 2610 quarn
1203 2551 1220 2594 a
1235 2539 1265 2595 te
1280 2533 1357 2594 lacta

239 2618 312 2687 sint,
328 2616 528 2696 proferantur.
553 2616 595 2676 Ea
610 2622 642 2677 tu
657 2617 681 2676 si
697 2633 758 2675 non
768 2614 866 2685 audis,
886 2616 955 2694 quid
968 2616 1064 2676 dicam
1076 2618 1193 2686 nescio;
1210 2618 1356 2696 equidem,
1388 2632 1391 2635 ·
1490 2680 1491 2699 p

242 2701 407 2781 siquando
429 2701 531 2771 audio,
556 2708 616 2761 tam
638 2700 780 2770 delendo,
804 2716 890 2778 quam
906 2716 954 2761 me
970 2702 1030 2761 seio
1044 2718 1061 2761 a
1077 2707 1107 2762 te
1123 2707 1226 2763 contra
1240 2702 1358 2782 iniquos

240 2802 323 2847 meos
341 2783 437 2847 solere
454 2785 580 2847 delendi.
610 2784 748 2847 Defensio
764 2789 862 2845 autem
878 2793 922 2845 est
940 2784 1065 2863 duplex:
1092 2783 1148 2846 alia
1171 2793 1255 2857 sunt,
1283 2803 1359 2864 quae

240 2867 352 2948 liquido
373 2886 484 2948 negare
503 2868 630 2940 soleam,
657 2878 690 2932 ut
709 2869 749 2931 de
767 2868 823 2929 istu
837 2868 902 2948 ipso
916 2869 1071 2946 suffragiu
1098 2867 1154 2931 alia
1166 2887 1243 2948 quae
1257 2870 1360 2931 delen·

243 3018 299 3069 und
317 3018 385 3071 eilte
402 3019 476 3072 deun
496 3018 603 3072 wieder
621 3018 692 3071 nach
704 3019 775 3072 Rom
827 3016 957 3070 Sabinae.
974 3046 1009 3056 —
1025 3025 1185 3087 praesentes
1200 3015 1286 3086 meos]
1310 3018 1360 3070 Ci-

239 3084 357 3137 zurtck.
379 3085 486 3138 Matius
507 3087 564 3138 und
581 3086 632 3138 der
654 3086 705 3139 mit
719 3086 774 3138 ihm
827 3101 907 3137 ceros
921 3084 1039 3138 Familia
1051 3085 1127 3140 blieb
1140 3086 1169 3138 in
1181 3086 1260 3138 Rom.

241 3151 372 3204 reisende
396 3153 552 3206 Trebatius
571 3160 697 3207 mussten
716 3153 786 3206 ihm‘
857 3154 884 3203 4.
912 3152 979 3204 Veni
997 3150 1196 3220 Brundisium]
1216 3150 1289 3204 neela
1306 3153 1360 3206 der

240 3219 317 3284 also,
348 3218 389 3273 als
419 3220 461 3273 sie
491 3237 547 3273 ven
577 3221 707 3275 Formiae
736 3238 773 3274 zu
825 3218 1188 3274 SchlaabtbeiPlrarselus.

240 3287 296 3340 ihm
329 3286 425 3340 reiseu
453 3288 583 3354 wollteu,
615 3289 772 3357 begegnen.
858 3290 883 3340 b.
897 3283 1145 3356 φιλοσοφούμενα]
1158 3289 1184 3342 d.
1196 3287 1222 3339 h.
1236 3287 1283 3339 die
1295 3286 1361 3356 phi·

240 3354 328 3407 Beide
352 3354 494 3409 meldeten
517 3356 610 3410 dieses
627 3357 657 3408 in
682 3358 773 3409 sineru
824 3352 885 3407 lusu
907 3355 1184 3421 hischeuSehriiten‚
1199 3354 1361 3408 dieiudie-

196 3465 203 3485 ,
240 3422 340 3474 Briefe
364 3422 425 3475 dem
442 3423 558 3487 Cicero,
584 3424 635 3477 mit
652 3425 703 3477 der
720 3425 773 3477 Be·
826 3438 872 3473 ser
884 3372 951 3477 baie
962 3424 1147 3492 geschrieben
1160 3423 1291 3489 uuerdent
1314 3423 1359 3476 De

241 3490 391 3557 merkungr
410 3489 554 3543 Mandata
570 3498 622 3544 tua
634 3492 714 3544 nobis
726 3510 775 3545 eu·
818 3490 928 3556 finibus
944 3491 1078 3543 bonorum
1094 3499 1121 3544 et
1129 3491 1276 3558 malarum,
1287 3490 1359 3545 Aea·

239 3574 291 3609 rae
314 3563 395 3623 sunt,
426 3575 514 3625 eaque
536 3566 571 3611 ut
595 3566 702 3626 tempus
745 3577 774 3611 o-
826 3557 946 3611 demieae
968 3560 1157 3626 quaestiones,
1178 3557 1359 3612 Tusculanae

239 3626 373 3690 stularit,
399 3642 520 3693 aqearus.
555 3625 627 3678 Beld
651 3577 774 3679 uaebb’er
825 3623 1359 3693 disputationes.-PostCaesarisre-

240 3692 351 3745 ssbrieb
365 3692 467 3746 Cicero
481 3693 654 3746 snAttieas:
670 3693 775 3746 Treba·
826 3693 941 3761 ditum]
972 3712 1036 3747 vom
1067 3692 1243 3764 Spauischen
1272 3695 1359 3748 Feld-

239 3760 311 3811 stam
326 3760 370 3812 VI.
383 3759 459 3825 Kal„
472 3777 527 3827 quo
544 3761 588 3814 die
600 3761 652 3813 bas
664 3762 775 3814 litteras
825 3781 907 3832 auge.

241 3827 313 3891 dedi,
327 3829 528 3894 exspectabam.
540 3828 653 3881 Erucius
665 3830 777 3895 nuntio,
863 3835 889 3883 6.
906 3827 1027 3897 testata]
1044 3848 1080 3879 :r
1096 3829 1226 3886 bekannt.
1242 3858 1276 3868 -
1291 3830 1359 3882 illu·

240 3893 382 3959 Matrique
398 3895 501 3947 litteris
518 3897 685 3961 meditabar,
710 3914 778 3965 qao·
829 3897 917 3963 stria]
932 3898 957 3949 V
977 3896 996 3949 l.
1010 3910 1033 3949 z.
1045 3897 1068 3953 l.
1083 3900 1123 3951 18.
1137 3903 1163 3952 9.

238 3962 778 4030 moderaminum.mitCeesar,wenn
863 3970 888 4019 t.
912 3963 958 4016 Ea
1000 3964 1026 4018 d.
1043 3964 1063 4018 i.
1081 3965 1132 4020 dus
1149 3967 1229 4020 hatte
1245 3964 1361 4019 Urtbeil

241 4043 273 4077 er
284 4026 333 4077 ibn
344 4028 486 4081 besuehen
499 4030 603 4093 wrirde,
616 4030 673 4099 vgl.
686 4032 776 4084 CAE-
829 4034 880 4086 der
896 4032 1089 4101 Bbswilligen.
1103 4063 1134 4072 -
1147 4031 1309 4100 defendam]
1324 4054 1363 4079 =

240 4091 342 4157 stu.)
382 4095 491 4161 loquar.
524 4125 556 4134 -
596 4098 774 4164 Trebulano]
828 4099 874 4152 ich
897 4099 1038 4152 vertheidi
1059 4119 1075 4153 e
1096 4101 1361 4182 dieBehsuptung3
1476 4118 1482 4131 ⁴

243 4159 317 4211 Eine
341 4160 427 4214 Stsdt
449 4163 576 4217 Trebula
625 4166 659 4218 ab
685 4184 715 4219 es
745 4167 777 4219 in
829 4167 915 4220 daher
932 4167 974 4220 als
991 4118 1062 4220 asab
1075 4168 1164 4221 sineru
1177 4168 1303 4221 Verbum
1316 4170 1362 4221 dr-

243 4226 418 4294 campanieu
453 4232 509 4284 und
538 4231 574 4284 im
601 4182 701 4287 fiands
725 4234 776 4287 der
829 4235 1158 4290 uendiderdsc.c.1uf.
1185 4236 1188 4243 ’
