3000 4650
566 302 595 358 u.
610 299 759 359 ammos
776 299 913 360 ruerus,
1233 294 1295 360 123
1402 287 1415 302 “

177 464 302 544 aliquid,
328 484 417 545 quam
437 470 529 526 totam
550 464 663 528 sustuli.
699 463 836 525 Solebam
857 465 934 526 enim
958 471 1043 525 autea
1060 463 1205 525 debilitari
1223 462 1296 527 oleis

179 558 209 611 et
222 550 377 611 Lucanicis
391 550 458 611 tuis.
487 549 546 611 Sed
557 549 626 627 quid
641 548 716 610 baec
730 547 898 628 loquimur?
911 547 1100 630 liceatmodo
1113 549 1169 608 isto
1182 550 1292 609 venire.
1314 551 1337 614 9

179 633 224 694 Tu
238 651 309 694 vero
326 667 361 677 -
383 632 449 694 volo
471 633 549 695 euim
565 632 739 710 abstergere
759 633 850 693 animi
873 634 917 692 tui
934 638 1046 692 metum
1060 633 1164 692 -ad
1185 638 1295 711 tyrota-

177 718 297 779 richum
316 719 470 795 antiquum
489 716 564 777 redi.
605 716 669 793 Ego
695 716 746 777 tibi
766 734 858 777 uuum
878 724 1029 794 sumptum
1050 716 1186 785 afferam,
1215 716 1295 793 quod

179 800 318 863 balneum
334 800 471 862 calfacias
484 799 648 879 oportebit:
665 807 766 862 cetera
778 818 863 860 more
876 808 995 868 nostro;
1014 801 1167 877 superiora
1181 798 1232 861 ilia
1249 799 1295 859 lu·

178 887 279 947 simus.
305 885 349 947 De
360 882 426 946 villa
434 884 578 947 Seliciana
590 890 619 945 et
627 886 736 945 curasti
747 883 903 962 diiigenter
913 892 943 945 et
953 884 1095 962 scripsisti
1106 882 1291 945 facetissime.
1316 890 1360 951 10

178 969 280 1048 ltaque
295 976 367 1048 puto
382 987 431 1032 me
445 969 733 1049 praetermissurum.
767 966 842 1030 Salis
859 969 936 1029 euim
953 968 1022 1028 satis
1037 973 1095 1038 est,
1116 970 1294 1030 sannionum

178 1070 295 1132 parum.
318 1052 397 1114 Vale.

608 1247 789 1318 Erlsnocn
803 1249 865 1316 VI.

475 1372 591 1431 sslGEItO
605 1372 633 1430 S.
647 1372 675 1429 b.
690 1372 719 1429 b.
733 1371 866 1430 PAPIRIO
879 1372 997 1432 Puero

266 1502 376 1570 Tamen
398 1522 416 1564 a
437 1502 547 1566 matitia
565 1521 627 1564 non
649 1502 793 1566 discedis?
812 1502 976 1565 Tenuiculo
991 1510 1134 1581 apparatu
1153 1504 1299 1581 significas
1321 1510 1340 1571 1

180 1585 307 1650 Balbum
322 1585 412 1652 fuisse
428 1595 609 1652 contentum.
636 1587 701 1652 Hoc
718 1586 825 1652 videris
841 1587 956 1656 dicere,
978 1604 1046 1647 cum
1064 1604 1152 1666 reges
1165 1595 1226 1650 tam
1239 1589 1299 1650 sint

181 1671 382 1746 continentes,
403 1669 605 1750 multomagis
626 1669 798 1737 consulares
812 1687 876 1732 esse
892 1675 1040 1749 oportere.
1076 1670 1182 1736 Nescis
1195 1688 1244 1732 me
1259 1671 1296 1732 ab
1314 1701 1330 1756 g

179 1754 231 1816 illo
258 1756 357 1818 omnia
378 1757 577 1833 expiscatum
603 1762 684 1822 recta
707 1756 785 1818 enim
805 1761 928 1833 aperta
948 1753 1070 1820 domum
1088 1756 1297 1824 meamstveuiu

180 1856 278 1918 neque
292 1838 350 1900 hoc
367 1838 513 1918 admiror,
530 1839 609 1917 quod
624 1855 684 1900 uon
695 1856 778 1899 suam
793 1839 908 1917 potius,
923 1838 975 1899 sed
990 1836 1078 1906 illud,
1095 1839 1174 1919 quod
1190 1855 1250 1898 nou
1261 1838 1297 1898 ad

179 1940 277 1988 suum
313 1921 377 2001 Ego
399 1929 498 1988 autem
522 1922 619 1986 tribus
638 1923 742 2002 primis
761 1922 876 1986 verbis:
897 1920 974 1994 Quid
993 1929 1095 1984 noster
1115 1923 1239 1986 Paetus?
1262 1923 1300 1985 At

180 2004 229 2070 ille
244 2005 399 2078 adiurans,
415 2023 563 2087 nusquam
577 2026 609 2069 sc
623 2024 757 2086 unquam
770 2005 918 2072 libentius.
953 2005 1018 2072 Hoc
1033 2005 1058 2068 si
1071 2004 1169 2070 verbis
1181 2023 1301 2070 assecu·
1323 2009 1346 2071 2

181 2098 230 2156 tua
244 2108 293 2164 es,
316 2107 406 2156 anuos
418 2090 458 2158 ad
471 2098 501 2153 te
517 2089 642 2156 afferam
654 2107 716 2156 uon
729 2090 828 2156 miuus
845 2089 1013 2170 elegantem
1037 2091 1195 2154 sinautem
1211 2108 1299 2169 opso-

181 2175 241 2243 nio,
256 2180 325 2256 peto
338 2192 356 2238 a
370 2181 410 2248 te,
425 2191 464 2244 ue
480 2173 575 2255 pluris
589 2191 654 2237 esse
668 2173 775 2238 balbos
788 2191 877 2255 quam
892 2173 1018 2235 disertos
1033 2180 1129 2252 putes.
1160 2175 1208 2236 Mc
1225 2192 1299 2252 quo·

182 2256 251 2320 tidie
272 2256 352 2323 atiud
366 2276 403 2323 ex
419 2257 475 2321 alio
496 2258 627 2341 impedit.
664 2258 738 2330 Sed,
757 2259 783 2325 si
795 2276 844 2319 mc
863 2258 1038 2338 expediero,
1061 2259 1093 2320 ut
1116 2259 1146 2318 in
1165 2258 1220 2319 ista
1234 2257 1300 2320 loca

181 2343 284 2407 venire
297 2345 424 2422 possim,
445 2361 507 2409 uon
522 2344 717 2415 committam,
738 2351 773 2407 ut
785 2350 816 2405 te
831 2361 900 2406 saro
916 2361 933 2407 a
952 2361 1000 2405 me
1017 2344 1174 2407 certiorem
1189 2343 1300 2405 factum

183 2432 281 2504 putes.

184 2642 385 2713 Sprticbworta
405 2643 440 2697 ab
459 2659 509 2695 oua
527 2644 566 2696 ad
581 2644 667 2697 mula.
682 2669 717 2682 -·
767 2643 826 2697 Der
838 2641 922 2696 Briet
932 2641 972 2695 ist
982 2642 1020 2694 im
1031 2642 1144 2710 August
1155 2642 1301 2711 gescbrie-

183 2709 345 2778 debilitari]
372 2711 453 2777 „den
475 2710 583 2799 Mupen
606 2712 718 2765 derder-
767 2712 836 2765 bem

183 2778 266 2832 ben.“
803 2815 828 2863 1.
845 2808 968 2876 malitie]
981 2809 1150 2865 mustaceis.
1161 2838 1195 2848 -
1208 2807 1299 2878 cenet]

218 2914 259 2965 10·
272 2910 503 2981 vindemiam]
516 2910 574 2967 Du
585 2911 716 2965 1ΜίΝθα·
768 2894 826 2930 von
837 2878 892 2930 den
910 2876 1120 2931 Caesarium
1132 2877 1299 2946 spottweise

349 2995 384 3031 ue
401 2977 482 3031 Laud
503 2984 536 3031 ut
559 2979 608 3031 des
632 2978 716 3033 rdini-
769 2961 820 3069 {gr
859 2953 983 3066 {ad-{g
1004 2942 1302 3079 mampwg

767 3078 887 3145 caesar,
905 3079 956 3133 der
973 3095 1007 3130 zu
1020 3078 1102 3132 Eudo
1119 3079 1169 3132 des
1181 3078 1245 3131 veri
1266 3095 1302 3131 en

766 3146 881 3199 Moneta
899 3145 970 3199 necb
986 3146 1058 3200 Rom
1075 3145 1253 3214 zurdckgeke
1273 3153 1304 3198 rt

767 3230 837 3268 wer.

182 2977 404 3127 ξιῗέοξθιῆῗωι
428 3045 467 3109 Q.
511 3043 612 3098 elides
635 3044 730 3099 battc‘

183 3112 287 3166 crosno
299 3113 405 3171 hauteu
422 3111 542 3177 wellen,
560 3112 629 3169 aber
641 3112 715 3167 Pae-

185 3188 231 3231 tus
248 3179 327 3233 batto
344 3179 400 3233 ibm
424 3178 623 3247 genebrieben,
648 3179 714 3233 dass

187 3246 239 3297 aui
258 3246 319 3298 dem
341 3247 418 3299 Gute
439 3262 540 3300 ausser
561 3247 615 3300 den
633 3246 715 3300 flaia-

183 3313 301 3364 werkeu
324 3312 417 3366 nicbts
440 3314 531 3366 Gutes
554 3329 591 3366 zu
618 3313 715 3367 finden
801 3316 827 3364 2.
849 3311 958 3379 verbis]
981 3313 1070 3365 dorcic
1087 3312 1131 3363 die
1152 3311 1302 3364 Unterbai-

184 3378 272 3431 wire.
297 3377 400 3432 Cicera
417 3379 553 3435 benutute
570 3379 717 3449 denDop·
767 3379 846 3447 iuno.
869 3405 904 3417 —
931 3377 1043 3446 balbos]
1068 3378 1231 3451 Wortspiel-
1250 3380 1305 3431 auf

185 3444 300 3564 {sisinn
313 3446 365 3499 des
375 3447 493 3500 Wortes
509 3448 554 3499 aad
570 3463 606 3499 ιιι
623 3447 715 3500 ciuem
768 3446 823 3499 deu
835 3446 945 3500 Nemeo
961 3446 1084 3510 Balbus,
1101 3445 1237 3501 wibreud
1255 3446 1300 3498 di·

208 3512 323 3578 cberze,
341 3513 393 3566 der
407 3513 511 3580 jodceb
527 3514 575 3566 fta
592 3530 660 3581 une,
679 3515 716 3568 da
766 3520 856 3566 cmm
887 3513 947 3566 sicb
975 3514 1028 3567 aui
1047 3512 1151 3566 Cicera
1178 3512 1301 3579 honiche,

186 3578 234 3632 die
248 3580 351 3633 Warts
373 3580 434 3633 sich
456 3580 561 3648 gewias
585 3581 717 3649 eubsseiue
767 3581 818 3633 der
828 3579 912 3634 hcine
922 3580 1098 3634 scbiecbtere
1109 3579 1245 3634 biablceit
1254 3579 1304 3634 fria·

185 3646 319 3699 stellein
332 3647 393 3701 dem
407 3647 563 3701 Schneiben
580 3647 632 3701 des
644 3649 719 3702 Pss—
768 3647 823 3700 den
838 3648 975 3702 duacen
990 3650 1061 3715 (der
1074 3647 1135 3700 eise
1152 3646 1300 3705 ustauhei-

184 3721 232 3766 tus
258 3713 397 3782 benogeu,
421 3713 500 3769 uictu
523 3715 718 3783 venatdudiicb
766 3721 817 3768 tou
833 3714 938 3783 kann),
955 3717 997 3769 uis
1014 3715 1062 3769 fir
1078 3714 1134 3768 den
1150 3713 1303 3768 saunier

185 3780 234 3834 ist.
768 3782 1078 3852 edocebo-inpedit
1104 3782 1304 3836 tumissa.-

768 3866 827 3902 ucn
838 3851 1004 3903 committam
1016 3858 1065 3907 ete,
1095 3849 1183 3903 demit
1193 3849 1303 3903 Paetus

218 3914 317 3967 Error.
341 3917 389 3967 VI.
419 3914 498 3983 (708.
520 3916 578 3981 46.)
612 3916 718 3970 Paetus
769 3917 831 3970 sich
855 3917 934 3970 nicbt
955 3918 1007 3972 mit
1023 3919 1075 3971 der
1092 3916 1222 3970 Auerno·
1240 3922 1301 3970 ent·

184 3979 264 4034 batte
280 3980 310 4035 iu
328 3982 434 4036 aeirem
451 3983 549 4041 liu-ieie
566 3998 602 4036 un
615 3983 719 4039 Cicero
771 3983 937 4051 sebuidigen
954 3985 1075 4051 konnte,
1099 4001 1132 4038 er
1154 3983 1225 4037 bsbe
1243 3999 1300 4035 von

206 4049 351 4114 mamert,
365 4049 551 4105 daasBaibus
565 4051 719 4109 miteinem
770 4051 823 4103 der
852 4051 983 4105 Ankuuit
1011 4050 1129 4105 Ciceros
1164 4067 1200 4104 ιιι
1235 4049 1302 4103 sit

206 4131 293 4169 urceu
310 4115 388 4169 Mebl
404 4116 452 4170 bei
469 4117 523 4170 ibn
543 4117 653 4171 ronlieb
690 4135 720 4170 e·
769 4117 928 4172 Kenntuisa
957 4118 1085 4172 erbelteu
1120 4119 1179 4172 und
1213 4067 1302 4171 duker

186 4196 312 4236 nomnen
342 4184 400 4236 und
424 4184 525 4239 Cicero
549 4186 646 4238 uimmt
668 4134 719 4239 de·
770 4184 850 4238 scine
879 4184 977 4240 Kbebe
1006 4186 1084 4240 uicbt
1117 4184 1301 4239 vorboreiteu

185 4264 242 4301 von
265 4251 481 4321 Veraniasaung
507 4267 543 4305 zu
574 4252 718 4307 sobmon.
770 4252 893 4306 kduueu.
