3000 4650
345 282 376 354 L.
392 280 545 339 PAPIRIUS
557 278 695 340 PAETUS.
724 280 759 340 tt.
775 281 959 342 enuntiatus
975 283 1094 374 VARRO.
1219 277 1280 344 131

372 404 377 431 i

161 449 276 508 wmden
292 449 457 524 geptnnuert
469 450 526 506 und
541 457 694 512 unstrout,
711 451 787 506 seine
803 449 887 506 (iuter
902 450 1051 508 ooufisoirt.
1079 451 1154 509 Aber
1168 452 1216 508 das
1227 449 1281 508 Un·
1321 437 1331 446 ’

161 533 243 608 gltiek
257 535 333 592 hatte
348 536 443 592 seinen
458 532 533 591 Geist
548 533 624 591 nieht
639 527 777 608 gehenpt,
792 532 834 590 bis
851 550 884 590 zu
900 537 1002 591 s'einem
1018 533 1091 591 Ende
1106 533 1180 593 hlieb
1195 551 1226 592 er
1239 535 1280 592 als

160 617 360 681 Schriitstesser
374 619 480 692 thitig,
495 618 552 674 und
571 618 616 674 die
630 617 829 691 Hoahuehtung
844 617 911 674 aller
925 617 1083 676 Genitdeten
1104 620 1281 676 verschainer·
1327 613 1330 622 '

161 711 190 758 te
209 702 266 759 ihm
285 703 338 758 den
358 701 453 758 Abend
468 703 558 760 seines
572 700 688 758 Lebens.
719 701 758 759 Er
774 701 849 759 starh
864 701 919 758 inst
932 705 967 757 90
981 703 1004 758 J.
1021 703 1120 759 altum
1135 703 1183 760 das
1197 703 1220 758 J.
1237 708 1278 758 27.

163 815 199 829 -—
217 786 289 844 Naeh
303 784 452 853 Quintilian
467 784 508 858 (X.
523 785 543 840 l.
558 782 615 858 95.)
629 801 689 843 war
705 802 736 842 er
755 787 799 842 or‘r
814 784 1009 843 Rornanorum
1023 783 1228 844 eruditissimas
1243 827 1251 842 .
1272 830 1278 842 .

154 872 346 944 peritissimas
364 871 474 943 linpnae
495 870 602 926 latinae
623 874 653 925 et
666 872 756 926 omna's
770 872 939 942 antiquitatis
954 875 981 926 et
994 885 1090 927 reram
1109 885 1279 944 proeearnrn

159 971 196 1011 aa
208 970 403 1015 romanoram.
433 953 463 1010 In
479 953 581 1010 seinem
597 955 639 1008 78.
651 951 732 1010 Jahre
755 962 833 1027 sagte
854 969 884 1010 er
904 956 932 1010 in
954 955 1002 1011 der
1022 953 1179 1028 Einleitung
1204 957 1279 1012 eines
1348 1005 1353 1012 .

157 1031 276 1096 Wet‘aes
290 1054 343 1116 von
359 1039 432 1095 siah:
455 1051 486 1094 se
499 1051 606 1112 qnoque
626 1039 683 1093 iam
698 1038 890 1095 duodecimam
916 1054 1056 1096 annornm
1080 1038 1280 1096 hebdomadem

160 1114 195 1198 (7
209 1132 248 1187 ><
265 1126 300 1178 11
312 1143 357 1172 =
373 1120 423 1193 77)
438 1123 594 1194 inprmsnm
609 1135 682 1186 esse,
705 1127 734 1177 et
754 1121 794 1177 ad
807 1136 870 1179 enm
888 1121 960 1178 diem
983 1126 1168 1198 septnapr'nta
1178 1122 1279 1180 hebdo-

158 1207 260 1263 maan
275 1204 307 1276 (7
325 1215 363 1268 ><
382 1209 473 1264 70:
490 1199 562 1282 490)
580 1204 715 1263 latrorum
730 1207 941 1279 conscripsisse.

637 1453 791 1467 ι-ι-ψ-ι-

591 1600 774 1666 Ermuoun
788 1598 873 1664 XII.

534 1739 649 1798 uonna
663 1739 698 1798 u.
716 1739 862 1798 vinnom
878 1740 906 1798 s
964 1696 968 1705 ’

243 1887 289 1952 Ει
305 1889 341 1949 iis
355 1887 469 1959 litteris,
487 1903 560 1966 quas
577 1888 690 1948 Atticus
706 1905 722 1948 a
739 1895 769 1948 te
784 1887 888 1948 missas
902 1886 974 1966 mihi
991 1885 1070 1966 legit,
1087 1887 1156 1966 quid
1170 1904 1274 1966 ageres
1298 1885 1313 1944 t

158 1981 188 2034 et
202 1972 256 2034 ubi
268 1989 364 2041 esses,
381 1970 520 2050 augnarii
537 1972 654 2050 quaudo
669 1976 767 2034 autem
782 1978 812 2032 te
829 1973 922 2032 visuri
937 1987 1088 2040 essemus,
1114 1970 1187 2032 nihii
1203 1989 1275 2032 sane

159 2076 196 2118 ex
212 2056 315 2120 ‘'sdem
332 2055 437 2116 litteris
450 2057 536 2135 potui
550 2057 704 2135 suspicari.
734 2055 769 2115 ln
787 2073 869 2133 spem
892 2061 991 2116 tamen
1010 2057 1096 2116 venio
1117 2057 1276 2134 appropin-

158 2158 249 2222 quare
260 2149 344 2202 tuum
360 2140 531 2201 adventum:
551 2141 602 2218 qui
612 2139 684 2199 mihi
696 2141 808 2200 utinam
821 2138 924 2199 solatio
942 2139 993 2199 sit!
1010 2140 1064 2200 etsi
1074 2145 1117 2199 tot
1128 2142 1276 2219 tantisque

157 2224 247 2287 rebus
269 2241 428 2302 urgemur,
450 2220 563 2283 nnllam
583 2229 616 2283 ut
635 2222 811 2284 levationem
832 2223 986 2302 quisquam
1006 2240 1067 2283 nou
1087 2221 1276 2284 stultissimus

157 2319 280 2389 sperare
301 2306 422 2377 debeam
438 2306 491 2369 sed
505 2313 606 2368 tamen
621 2313 671 2368 aut
684 2315 718 2367 tu
731 2315 817 2386 potes
831 2325 878 2367 me
893 2313 943 2368 aut
952 2326 1015 2397 ‘ego
1030 2313 1060 2368 te
1075 2307 1201 2370 sortasse
1223 2304 1275 2369 ali·

157 2410 216 2473 qua
229 2411 264 2453 re
279 2394 390 2453 iuvare.
421 2391 501 2452 Scito
520 2392 598 2451 enim
613 2410 676 2461 me,
691 2398 883 2471 posteaquam
898 2392 929 2451 iu
946 2391 1051 2453 urbem
1062 2394 1210 2462 venerim,
1226 2409 1273 2454 re·
1298 2385 1321 2445 2

158 2476 237 2537 (iisse
253 2492 320 2535 oum
333 2473 486 2536 veteribus
500 2476 617 2543 amieis,
634 2474 663 2534 id
679 2483 739 2546 est,
764 2492 833 2535 eum
848 2474 932 2535 libris
945 2477 1069 2545 nostris,
1086 2478 1115 2535 in
1130 2474 1274 2553 'gratiam3

159 2561 216 2621 etsi
232 2576 292 2619 nen
308 2558 422 2619 ideireo
444 2574 548 2618 eornm
569 2576 656 2619 usum
678 2559 863 2628 dimiseram,
889 2558 969 2637 qued
997 2560 1034 2619 iis
1056 2576 1275 2630 succenserem,
1322 2614 1325 2619 .

157 2641 210 2705 sed
228 2642 306 2723 quod
324 2659 427 2703 eorum
440 2658 489 2703 me
503 2642 698 2721 suppudehat.
734 2641 863 2704 Videbar
879 2644 956 2703 enim
978 2643 1063 2713 mihi,
1086 2660 1152 2705 eum
1173 2662 1222 2704 me
1246 2644 1276 2705 in

156 2738 213 2789 res'
232 2725 501 2788 turbulentissimas
525 2724 733 2788 infidelissimis
760 2727 848 2787 sociis
879 2727 1076 2796 demisissem,
1108 2727 1277 2806 praeceptis

157 2810 276 2873 illorum
291 2829 352 2872 non
370 2812 441 2870 satis
454 2811 598 2888 paruisse.
629 2811 791 2889 ignoscunt
804 2810 891 2879 mihi,
907 2818 1046 2871 revocant
1065 2813 1096 2870 in
1118 2818 1275 2873 consuetu·

157 2894 258 2957 dinem
286 2895 456 2975 pristinam,
483 2900 586 2973 teque,
609 2895 688 2971 quod
716 2896 747 2955 iu
764 2912 799 2954 eo
819 2896 1033 2981 pergama-seris,
1065 2897 1274 2973 sapientiorem

118 3020 125 3035 .
157 2997 247 3059 quam
270 2996 319 3040 me
344 2978 446 3039 dicunt
469 2976 568 3039 inisse.
602 2976 819 3049 Quamobrem,
837 2980 976 3059 quoniam
995 2976 1117 3056 placatis
1138 2980 1174 3039 iis
1196 2985 1273 3048 utor,

156 3064 259 3124 videor
274 3080 397 3142 sperare
412 3061 537 3133 debere,
553 3062 578 3123 si
591 3068 621 3122 te
636 3062 778 3131 viderim,
805 3069 835 3122 et
852 3079 900 3133 ea,
916 3080 990 3142 quae
1004 3071 1155 3140 premant,
1187 3068 1215 3124 et
1231 3082 1274 3132 ea,

158 3166 233 3226 quae
248 3145 454 3226 impendeant,
471 3164 520 3207 me
534 3145 619 3207 tacite
633 3148 837 3208 transiturum.
868 3146 1067 3217 Quamobrem
1085 3148 1146 3207 sive
1164 3149 1193 3207 iu
1213 3147 1275 3208 Tu·

190 3380 287 3430 Emer.
300 3378 364 3430 XII.
382 3376 515 3444 (tuem)
537 3378 596 3431 Der
607 3376 693 3431 Brief
742 3377 875 3431 sehiiesst
885 3375 1195 3447 siehslsEinriumung
1205 3394 1277 3446 enge

156 3446 197 3499 ist
220 3444 407 3513 gesehriebeu
424 3462 460 3497 nu
480 3445 552 3497 Ram
572 3446 611 3498 im
631 3443 691 3498 Au·
742 3462 778 3497 au
791 3446 841 3498 das
853 3444 1091 3511 Vorhengehende
1105 3462 1149 3498 an.

156 3512 433 3581 fangedostanree
448 3512 689 3565 wihrenanrre
775 3516 801 3564 2.
830 3512 930 3578 nsum]
954 3512 1088 3578 Umpanp.
1106 3540 1138 3550 -
1156 3530 1214 3565 non
1231 3514 1275 3565 id·

157 3580 219 3633 siah
236 3580 405 3635 aniseinem
417 3579 689 3633 Tusculanumeuf-
741 3578 831 3646 eirea]
868 3578 962 3631 Wenn
985 3596 1014 3631 eo
1033 3580 1102 3632 oder
1119 3580 1221 3632 ideireo
1238 3596 1274 3633 au
1323 3579 1326 3585 ’

156 3647 237 3701 niele.
281 3666 285 3671 ’
742 3647 794 3700 der
824 3637 1042 3699 construetione
1072 3663 1130 3698 non
1151 3648 1225 3715 qnod
1241 3674 1273 3685 —-
1319 3654 1322 3659 '

194 3719 220 3767 1.
246 3731 280 3766 eae
295 3712 411 3781 iisdem]
438 3713 515 3766 Idem
530 3712 608 3767 steht
627 3712 689 3766 hier
741 3714 791 3765 sed
802 3715 876 3781 quod
888 3712 1079 3779 hinzutreten‚
1093 3715 1207 3766 werden
1218 3728 1275 3766 non

156 3781 187 3835 in
204 3782 256 3835 der
271 3780 456 3849 Bedeutnnge
478 3782 620 3845 dennaoio,
637 3782 689 3832 da·
741 3781 879 3849 undqnod
888 3781 1089 3849 getrenntund
1099 3796 1156 3833 non
1166 3798 1196 3833 eo
1206 3782 1275 3834 oder

155 3867 250 3917 pepen.
264 3848 342 3917 (VgI.
355 3865 380 3901 a.
391 3849 415 3901 I.
426 3850 467 3900 18.
477 3848 533 3912 30.)
552 3848 639 3901 Tusa.
650 3847 688 3899 ΙΙ.
739 3864 799 3900 non
832 3848 936 3900 ideireo
972 3848 1067 3901 finden
1090 3847 1275 3917 regelmi'asig

156 3922 200 3973 et.
222 3920 265 3971 65.
295 3918 384 3985 Saepe
412 3915 484 3968 enirn
512 3916 608 3980 malti,
639 3915 689 3985 qne·
740 3914 802 3967 ihre
815 3912 906 3967 Stelle
919 3915 956 3966 im
966 3914 1275 4033 Heuftsatzet-snp-

156 3991 273 4053 propter
295 3982 430 4035 victoriae
453 4001 486 4037 aa
507 3982 636 4034 iditatern
652 4019 687 4037 ..
739 3981 878 4060 pudebat]
899 3982 965 4049 vgl.
982 3998 1007 4034 n.
1042 3982 1211 4036 1.1e.1.-
1230 3998 1275 4034 res

156 4054 277 4105 vulnera
294 4056 463 4118 exceperant
491 4051 589 4101 ortiter
604 4057 631 4101 et
642 4055 689 4102 tn·
739 4048 828 4116 turm]
841 4048 1181 4117 Burgerkrieg.—sooiis]
1194 4050 1277 4117 Poan-

157 4118 264 4185 ierunt,
288 4119 373 4171 iidem
389 4118 492 4169 omissa
514 4117 690 4168 contentione
740 4118 869 4197 pejeuer.
899 4144 932 4156 -—
961 4116 1163 4183 permanseris]
1195 4116 1275 4168 Aueh

159 4186 279 4239 dotorem
295 4185 383 4239 morbi
399 4185 474 4250 ferre
489 4200 548 4236 non
559 4188 688 4252 possunt.
740 4200 778 4237 arn
792 4182 899 4250 Kriege
912 4183 1083 4235 unterbraeh
1093 4184 1183 4234 Varro
1196 4182 1274 4236 aeine

159 4280 192 4291 —
222 4255 273 4306 etei
297 4292 304 4307 .
329 4251 504 4321 ,nrpemnrJ
536 4251 595 4304 Der
621 4251 689 4304 Sata
742 4250 865 4305 Studien
879 4246 1207 4314 niobe-Tarentum]
1222 4247 1273 4299 Bet

1027 4332 1166 4402 9*‘
