3000 4650
34 219 52 311 ,ἓ
164 300 167 305 .
224 230 287 296 138
601 235 835 295 unmorrsr.
852 238 893 292 ιι.
911 239 952 292 17.
1015 305 1017 310 s

219 418 284 464 nou
298 400 388 462 modo
403 401 509 480 agendi
522 399 667 462 rationem
680 398 793 462 nubam
804 397 909 470 babeo,
923 399 977 462 sed
990 416 1028 462 no
1043 398 1192 476 cogitandi
1205 398 1339 478 quidem

219 491 270 554 et,
286 487 338 564 qui
351 490 437 546 antea
458 490 510 546 aut
529 483 664 545 obscuris
682 483 854 546 bominibus
872 490 923 550 aut
943 485 1031 546 etiam
1048 482 1183 546 sontibus
1203 481 1342 562 opitulari

221 576 373 647 poteram,
387 586 467 630 nunc
481 568 515 631 P.
530 568 657 646 Nigidio,
672 570 725 631 uni
739 570 872 630 omnium
887 568 1057 631 doctissimo
1072 573 1101 628 et
1114 567 1298 630 sanctissimo
1312 574 1342 630 et

221 653 351 715 maxima
365 654 515 731 quondam
530 653 623 732 gratia
640 659 670 715 ot
685 653 759 714 mibi
774 659 856 716 certe
869 652 1061 722 amicissimo,
1078 668 1116 712 ne
1133 650 1261 730 benigne
1277 652 1342 730 qui·

220 736 290 806 dem
315 735 453 815 polliceri
478 753 611 816 possum.
652 737 733 816 llrgo
752 737 810 798 boc
832 743 968 815 ereptum
987 741 1033 800 est
1052 734 1219 796 litterarum
1236 750 1341 814 genus.

177 823 202 889 4
224 819 382 900 Reliquum
398 826 456 892 est,
470 827 505 882 ut
517 819 655 883 consoler
669 827 700 882 ot
713 821 836 882 afferam
846 821 990 890 rationes,
1006 819 1114 900 quibus
1129 825 1158 880 te
1172 817 1342 882 amolesfiis

222 922 315 966 coner
329 904 489 966 abducere.
521 906 560 966 tt
576 923 609 968 ea
633 905 754 983 quidem
771 902 895 968 facultas
916 904 961 966 rel
975 905 1020 966 tui
1040 902 1087 966 vel
1102 901 1222 966 alterius
1237 919 1341 964 conso·

220 987 302 1050 laudi
317 991 348 1050 iu
364 996 394 1050 te
409 1005 526 1050 summa
540 996 599 1059 ost,
617 990 644 1050 si
656 1005 789 1068 unquam
803 990 835 1050 in
850 987 910 1050 ullo
926 988 988 1050 fuit.
1019 988 1122 1067 ltaque
1136 1005 1201 1050 eam
1216 993 1341 1066 partem,

221 1090 298 1152 quac
312 1071 350 1134 ab
365 1073 508 1150 exquisita
522 1072 651 1150 quadam
665 1075 780 1134 rationo
794 1079 824 1133 et
839 1071 973 1134 doctrina
989 1072 1201 1149 proficiscitur,
1223 1087 1283 1132 nou
1297 1078 1342 1132 at·

220 1157 348 1234 tingam3
363 1155 417 1216 tibi
430 1165 522 1216 totam
536 1154 710 1236 relinquam.
747 1156 826 1227 Quid
842 1158 879 1217 sit
893 1155 962 1216 forti
977 1163 1007 1218 et
1022 1155 1146 1234 sapienti
1159 1155 1281 1216 bomine
1299 1155 1342 1215 di·

219 1255 328 1317 gnum,
344 1239 416 1319 quid
430 1241 574 1316 gravitas,
597 1241 667 1319 quid
681 1239 805 1303 altitudo
822 1241 925 1310 animi,
947 1239 1021 1318 quid
1033 1246 1098 1300 aeta
1112 1245 1162 1302 tua
1179 1241 1250 1308 vita,
1272 1238 1343 1316 qrrid

220 1323 332 1394 studia,
348 1323 420 1402 quid
436 1331 531 1393 artes,
552 1324 660 1405 quibus
675 1342 693 1386 a
710 1325 837 1404 pucritia
851 1323 990 1394 florrdsti,
1009 1341 1027 1385 a
1044 1329 1072 1384 te
1086 1322 1234 1400 flagitent,
1252 1328 1285 1384 tu
1300 1324 1343 1384 vi·

205 1406 314 1492 debis.
353 1407 432 1485 llgo,
454 1407 532 1486 quod
552 1408 719 1486 intelligere
739 1416 770 1471 et
791 1410 916 1479 sentire,
938 1409 1007 1488 quia
1021 1424 1088 1469 sum
1101 1407 1214 1470 Romae
1230 1414 1260 1470 et
1274 1409 1343 1487 quia

220 1509 294 1552 curo
315 1491 507 1570 attendoquo,
530 1509 667 1571 possum,
688 1493 719 1554 id
734 1493 788 1556 tibi
803 1493 933 1554 affirmo:
955 1497 985 1554 te
1007 1492 1115 1554 inistis
1129 1489 1285 1560 molestiis,
1299 1491 1343 1552 -iu

222 1573 336 1659 quibus
346 1591 378 1638 cs
394 1575 452 1636 boc
466 1581 617 1655 tempore,
631 1593 692 1638 nou
707 1577 818 1640 diutius
834 1577 981 1646 futurum;
1000 1577 1031 1636 in
1044 1577 1080 1636 iis
1094 1581 1209 1646 autem,
1229 1577 1261 1634 in
1278 1575 1343 1656 qui·

174 1665 198 1727 5
217 1657 275 1720 bus
290 1659 378 1719 etiam
388 1676 443 1719 nos
457 1675 569 1730 sumus,
585 1661 710 1722 fortasse
723 1677 842 1739 semper
856 1661 931 1724 fore.
962 1659 1071 1721 Videor
1081 1659 1155 1720 mibi
1169 1660 1343 1739 perspicere
1414 1693 1419 1700 ·

221 1745 352 1822 primum
365 1743 458 1822 ipsius
472 1743 619 1815 animum,
637 1745 689 1824 qui
701 1743 864 1824 plurimum
879 1749 991 1823 potest,
1014 1761 1197 1822 propensum
1212 1743 1250 1804 ad
1264 1741 1343 1804 salu·

220 1833 282 1889 tem
297 1834 387 1887 tuam.
418 1826 484 1888 Non
499 1827 599 1891 scribo
613 1827 672 1890 boc
685 1835 809 1890 temere.
839 1828 904 1900 Quo
914 1829 1013 1890 minus
1027 1826 1179 1889 familiaris
1193 1831 1268 1897 sum',
1284 1825 1342 1887 boc

220 1927 288 1972 sum
302 1911 338 1972 ad
359 1911 594 1988 investigandum
615 1913 771 1978 curiosior.
800 1913 865 1984 Quo
886 1911 1016 1984 facilius,
1039 1911 1146 1991 quibus
1168 1917 1213 1971 est
1228 1911 1342 1980 iratior,

107 2057 111 2072 ,
219 1994 403 2073 respondero
414 1995 527 2058 tristius
541 1997 644 2075 possit,
659 1997 718 2058 boc
732 2002 779 2058 est
792 1995 890 2058 adbuc
903 1995 1016 2058 tardior
1027 1996 1065 2058 ad
1078 2001 1109 2058 tc
1120 1993 1254 2058 molossia
1268 1992 1342 2056 libe·

219 2079 357 2140 randum.
389 2077 563 2141 Familiares
578 2098 649 2143 vero
667 2081 745 2151 eius,
769 2087 800 2142 et
818 2081 839 2140 ii
855 2080 989 2160 quidem,
1011 2081 1062 2160 qui
1082 2079 1123 2140 illi
1136 2078 1342 2141 iucundissimi

220 2170 306 2230 sunt,
329 2161 504 2225 mirabiliter
523 2164 560 2225 de
583 2171 613 2224 te
635 2162 844 2242 alloquuntur
867 2170 896 2226 et
917 2165 1056 2225 sentiunt.
1091 2159 1214 2225 Accedit
1235 2161 1342 2224 eodem

220 2244 299 2326 vulgi
314 2244 447 2308 voluntas
463 2246 508 2308 vel
522 2248 621 2327 potius
632 2264 795 2312 consensus
804 2249 946 2310 omnium.
978 2247 1074 2309 Etiam
1087 2244 1146 2315 illa,
1163 2263 1239 2328 quae
1254 2246 1341 2306 mini·

219 2349 305 2392 mum
317 2348 397 2392 nunc
412 2331 530 2410 quidem
541 2339 646 2410 potest,
666 2333 719 2395 sed
734 2334 830 2412 possit
842 2350 965 2395 necesse
976 2338 1029 2402 ost,
1044 2350 1094 2393 res
1109 2330 1237 2411 publica,
1254 2347 1344 2411 quas·-

221 2431 338 2495 ounque
352 2416 430 2477 vires
440 2414 570 2485 babebit,
588 2416 625 2477 ab
643 2418 680 2477 iis
692 2418 775 2495 ipsis,
790 2416 899 2495 quibus
915 2422 1043 2491 tenetur,
1060 2416 1098 2477 de
1108 2423 1138 2477 te
1154 2415 1338 2494 propediem,

175 2496 207 2569 θ’
218 2499 291 2560 mibi
309 2500 413 2569 crede,
429 2499 608 2578 impetrabit.
640 2500 740 2564 Redeo
756 2502 847 2581 igitur
862 2501 899 2562 ad
913 2500 958 2571 id,
979 2508 1010 2561 ut
1029 2501 1089 2561 iam
1103 2498 1157 2561 tibi
1172 2500 1261 2561 etiam
1275 2495 1339 2578 pol-

220 2583 312 2645 licear
324 2582 442 2663 aliquid,
455 2583 534 2660 quod
545 2586 642 2663 primo
656 2586 827 2647 omiseram.
850 2585 923 2647 Nam
940 2590 970 2646 et
981 2582 1161 2664 complectar
1178 2583 1241 2645 eius
1254 2582 1338 2644 fami-

220 2666 409 2735 liarissimos5
423 2668 475 2744 qui
485 2685 534 2728 me
549 2667 709 2734 admodum
725 2667 851 2748 diligunt
868 2667 1053 2747 multumque
1067 2684 1186 2731 mecum
1206 2672 1291 2737 sunt,
1311 2674 1340 2727 et

220 2752 252 2811 in
274 2752 368 2829 ipsius
388 2751 644 2825 consuetudinem,
677 2769 768 2830 quam
792 2752 890 2815 adbuc
911 2770 996 2814 meus
1016 2753 1113 2831 pudor
1131 2750 1205 2814 mibi
1225 2749 1339 2819 clausit,

220 2833 378 2896 insinuabo
393 2841 517 2895 atcerte
532 2853 636 2898 omnes
646 2837 707 2898 vias
720 2854 895 2917 persequar,
911 2836 1018 2916 quibus
1029 2835 1141 2914 putabo
1152 2835 1190 2897 ad
1203 2834 1244 2903 id,
1261 2830 1339 2913 quod

220 2918 370 2998 volumus,
389 2920 546 2995 pervenire
560 2937 659 2999 posse.
684 2922 719 2981 ln
732 2920 792 2981 boc
806 2928 995 2999 toto-genere
1008 2919 1096 2999 plura
1111 2918 1233 2987 faciam,
1249 2934 1339 2999 quam

220 3000 355 3073 scribere
375 3001 484 3070 audem
500 3010 673 3083 ceteraque,
706 3022 784 3083 quae
798 3003 853 3065 tibi
867 3023 884 3067 a
899 3004 999 3066 multis
1012 3009 1150 3082 prompta
1172 3018 1237 3064 esse
1257 3006 1338 3063 certo

108 3142 112 3146 .
221 3086 296 3155 scio,
313 3103 390 3145 ame
404 3092 474 3147 sunt
486 3088 688 3165 paratissima;
711 3088 786 3149 nibil
799 3090 829 3149 in
844 3105 879 3150 re
891 3087 1030 3149 familiari
1041 3105 1106 3148 moa
1118 3092 1172 3156 est,
1187 3085 1267 3167 quod
1283 3101 1337 3163 ego

219 3186 321 3231 meum
337 3166 437 3231 malim
453 3180 518 3233 csse
531 3189 621 3250 quam
635 3178 730 3235 tuum.
774 3172 836 3235 Hac
854 3171 892 3234 de
906 3189 941 3233 re
958 3178 988 3235 et
1008 3171 1046 3234 do
1065 3171 1123 3231 boc
1144 3186 1256 3248 genero
1276 3176 1337 3229 toto

219 3332 300 3385 quem
312 3318 455 3371 domestici
471 3318 549 3385 belli,
565 3326 600 3374 ut
617 3321 754 3375 videbun·
804 3320 864 3375 also
877 3320 975 3375 diesen
993 3320 1113 3375 leicbter
1127 3318 1190 3372 eine
1209 3315 1337 3371 ebscl'rli·

220 3392 282 3450 tur,
299 3386 461 3438 caurcium
476 3393 544 3441 unte
584 3406 617 3440 ra
652 3405 753 3441 aruce-
804 3388 869 3459 gigo
892 3387 1027 3441 Autwort
1049 3388 1141 3455 geben
1158 3386 1335 3448 zutkdnnen,

220 3459 297 3505 runt.
313 3480 348 3490 —
363 3453 502 3505 rationem
520 3405 632 3508 nullm
673 3456 754 3507 boine
804 3456 919 3523 rogerie
937 3454 1045 3509 Caesar
1063 3453 1134 3507 anob
1151 3454 1204 3506 mit
1220 3452 1336 3506 derBe-

219 3520 274 3572 Art
296 3520 358 3573 uod
381 3518 470 3573 Weiss
486 3520 513 3574 d.
534 3521 556 3574 i.
576 3522 656 3573 locine
671 3522 754 3590 Mdp·
804 3522 971 3592 gnadigung
1000 3524 1052 3577 der
1081 3520 1210 3574 Anderu.
1235 3547 1264 3557 -
1290 3520 1337 3572 sed

219 3586 334 3639 licbkeft
343 3612 379 3628 -
389 3587 517 3640 sontibus
551 3588 585 3641 8.
595 3588 673 3641 ΕἰιιΙ.
686 3606 712 3641 z.
724 3590 743 3643 J
749 3627 757 3641 .
805 3591 896 3658 possit
910 3607 1020 3643 necessa
1036 3588 1093 3669 est]
1113 3586 1334 3654 meldulfum,

219 3654 381 3707 64.-bco.
413 3654 519 3707 ofliccri
546 3654 755 3711 S.z.11.1o.1.
806 3657 871 3711 dass
889 3658 1037 3711 dorsuna
1052 3656 1209 3711 wrederen
1225 3656 1336 3723 gresso-

253 3721 395 3773 binuilo
417 3722 755 3779 Ausserullofindotsicb
806 3722 1216 3789 rerMacbtkommcnwerde,
1229 3720 1338 3790 spricbt

220 3786 507 3871 tatrchulliuo(u.rclii)⁶
517 3790 755 3845 substantio-isch.
806 3792 909 3847 Cicero
922 3792 994 3845 auch
1005 3797 1087 3845 soust
1097 3791 1128 3843 in
1145 3790 1244 3845 seinon
1256 3788 1335 3843 Brle·

219 3854 756 3991 mittttfttlttdtffrtft·n.
806 3860 1136 3993 “isidorianae
1155 3926 1185 3979 s.
1203 3924 1258 3977 111.
1274 3926 1336 3976 ιι.

221 3990 676 4058 ιιςιτιιιιιιιὴίοἱιιθοῑοὶιι·ιιιιιι1ιιίι’.
686 3993 756 4046 uio·
806 4023 838 4033 -
847 3993 993 4061 peruenire
1002 3991 1100 4061 possa]
1121 4010 1160 4045 sc.
1174 4009 1223 4045 mc.
1241 3993 1271 4045 8.
1284 3990 1335 4043 Ill.

220 4058 300 4110 selbo
311 4056 500 4125 Verbindnng
509 4058 548 4111 11.
560 4063 603 4112 29.
617 4065 658 4113 13.
669 4088 704 4098 -
807 4065 848 4115 14.
866 4065 893 4113 1.
909 4088 941 4099 ·-
958 4061 993 4113 ln
1009 4062 1061 4113 boo
1076 4059 1191 4127 penore]
1206 4060 1239 4112 8.
1255 4075 1281 4111 z.
1298 4057 1335 4113 ΙΙ.

255 4126 281 4177 5.
299 4124 400 4189 quibus
412 4131 453 4176 ert
463 4123 579 4194 iratior]
592 4128 662 4180 Wer
674 4128 754 4180 diosc
805 4131 1075 4197 tut—ceteraque,
1088 4145 1161 4195 quac
1172 4127 1235 4193 eto]
1247 4126 1334 4178 :At-

221 4190 288 4243 sind
305 4190 381 4257 zoigt
398 4191 426 4243 d.
444 4192 514 4259 folg.
530 4192 580 4247 Br.
597 4197 625 4259 ς.
642 4201 667 4248 3.
684 4196 754 4248 -Um
804 4195 846 4248 los
857 4194 967 4267 tibrige‚
981 4196 1100 4249 arasDir
1111 4194 1274 4248 vonVielen
1285 4208 1334 4245 zur
