<?xml version="1.0" encoding="UTF-8"?>
<!DOCTYPE html PUBLIC "-//W3C//DTD XHTML 1.0 Transitional//EN"
    "http://www.w3.org/TR/xhtml1/DTD/xhtml1-transitional.dtd">
<html xmlns="http://www.w3.org/1999/xhtml" xml:lang="en" lang="en">
 <head>
  <title>
</title>
<meta http-equiv="Content-Type" content="text/html;charset=utf-8" />
  <meta name='ocr-system' content='tesseract 3.04.00' />
  <meta name='ocr-capabilities' content='ocr_page ocr_carea ocr_par ocr_line ocrx_word'/>
</head>
<body>
  <div class='ocr_page' id='page_1' title='image "ausgewhltebrief00freygoog_0056.png"; bbox 0 0 3000 4650; ppageno 0'>
   <div class='ocr_carea' id='block_1_1' title="bbox 238 261 927 326">
    <p class='ocr_par' dir='ltr' id='par_1_1' title="bbox 238 261 927 326">
     <span class='ocr_line' id='line_1_1' title="bbox 238 261 927 326; baseline -0.007 -1"><span class='ocrx_word' id='word_1_1' title='bbox 238 261 280 326; x_wconf 79' lang='lat'>42</span> <span class='ocrx_word' id='word_1_2' title='bbox 415 289 418 302; x_wconf 79' lang='lat'><strong><em>¹</em></strong></span> <span class='ocrx_word' id='word_1_3' title='bbox 659 267 717 324; x_wconf 88' lang='lat' dir='ltr'>LlB.</span> <span class='ocrx_word' id='word_1_4' title='bbox 735 268 752 323; x_wconf 88' lang='grc' dir='ltr'>Ι.</span> <span class='ocrx_word' id='word_1_5' title='bbox 768 268 871 324; x_wconf 74' lang='lat' dir='ltr'>El&#39;lSl&#39;.</span> <span class='ocrx_word' id='word_1_6' title='bbox 888 271 927 321; x_wconf 87' lang='lat'>18.</span> 
     </span>
    </p>
   </div>
   <div class='ocr_carea' id='block_1_2' title="bbox 144 432 1346 2619">
    <p class='ocr_par' dir='ltr' id='par_1_2' title="bbox 144 432 1346 2619">
     <span class='ocr_line' id='line_1_2' title="bbox 239 432 1344 514; baseline 0 -19"><span class='ocrx_word' id='word_1_7' title='bbox 239 432 352 496; x_wconf 89' lang='lat' dir='ltr'>consilii</span> <span class='ocrx_word' id='word_1_8' title='bbox 371 453 419 494; x_wconf 92' lang='lat' dir='ltr'>me</span> <span class='ocrx_word' id='word_1_9' title='bbox 439 433 496 494; x_wconf 90' lang='lat' dir='ltr'>hoe</span> <span class='ocrx_word' id='word_1_10' title='bbox 516 434 667 512; x_wconf 78' lang='lat' dir='ltr'>negotium</span> <span class='ocrx_word' id='word_1_11' title='bbox 689 450 753 494; x_wconf 91' lang='lat' dir='ltr'>esse</span> <span class='ocrx_word' id='word_1_12' title='bbox 767 434 861 512; x_wconf 81' lang='lat' dir='ltr'>magis</span> <span class='ocrx_word' id='word_1_13' title='bbox 875 432 1022 514; x_wconf 83' lang='lat' dir='ltr'>ahquanto</span> <span class='ocrx_word' id='word_1_14' title='bbox 1037 451 1124 512; x_wconf 86' lang='lat' dir='ltr'>quarn</span> <span class='ocrx_word' id='word_1_15' title='bbox 1138 435 1274 494; x_wconf 81' lang='lat' dir='ltr'><strong>fortunae</strong></span> <span class='ocrx_word' id='word_1_16' title='bbox 1289 453 1344 514; x_wconf 87' lang='lat' dir='ltr'>pn·</span> 
     </span>
     <span class='ocr_line' id='line_1_3' title="bbox 230 517 1345 598; baseline 0.001 -18"><span class='ocrx_word' id='word_1_17' title='bbox 230 527 311 593; x_wconf 78' lang='lat' dir='ltr'>‚tare</span> <span class='ocrx_word' id='word_1_18' title='bbox 344 519 418 592; x_wconf 87' lang='lat' dir='ltr'>Quid</span> <span class='ocrx_word' id='word_1_19' title='bbox 434 525 478 580; x_wconf 87' lang='lat' dir='ltr'>est</span> <span class='ocrx_word' id='word_1_20' title='bbox 492 520 569 580; x_wconf 90' lang='lat' dir='ltr'>enim</span> <span class='ocrx_word' id='word_1_21' title='bbox 586 518 696 597; x_wconf 84' lang='lat' dir='ltr'>negotii</span> <span class='ocrx_word' id='word_1_22' title='bbox 710 522 861 580; x_wconf 91' lang='lat' dir='ltr'>continere</span> <span class='ocrx_word' id='word_1_23' title='bbox 876 537 936 589; x_wconf 89' lang='lat' dir='ltr'>eos,</span> <span class='ocrx_word' id='word_1_24' title='bbox 952 517 1058 598; x_wconf 81' lang='lat' dir='ltr'>quibus</span> <span class='ocrx_word' id='word_1_25' title='bbox 1072 520 1192 597; x_wconf 91' lang='lat' dir='ltr'>praesis,</span> <span class='ocrx_word' id='word_1_26' title='bbox 1205 519 1270 596; x_wconf 88' lang='lat' dir='ltr'>site</span> <span class='ocrx_word' id='word_1_27' title='bbox 1281 521 1345 598; x_wconf 90' lang='lat' dir='ltr'>ipse</span> 
     </span>
     <span class='ocr_line' id='line_1_4' title="bbox 229 602 1345 680; baseline 0 -16"><span class='ocrx_word' id='word_1_28' title='bbox 229 604 405 680; x_wconf 70' lang='lat' dir='ltr'>{contineas‘l</span> <span class='ocrx_word' id='word_1_29' title='bbox 432 604 465 665; x_wconf 91' lang='lat' dir='ltr'>ld</span> <span class='ocrx_word' id='word_1_30' title='bbox 485 610 582 666; x_wconf 88' lang='lat' dir='ltr'>autern</span> <span class='ocrx_word' id='word_1_31' title='bbox 597 605 633 664; x_wconf 90' lang='lat' dir='ltr'>sit</span> <span class='ocrx_word' id='word_1_32' title='bbox 647 620 786 680; x_wconf 83' lang='lat' dir='ltr'>magnum</span> <span class='ocrx_word' id='word_1_33' title='bbox 805 611 834 665; x_wconf 94' lang='lat' dir='ltr'>et</span> <span class='ocrx_word' id='word_1_34' title='bbox 849 602 966 666; x_wconf 85' lang='lat' dir='ltr'>difficile</span> <span class='ocrx_word' id='word_1_35' title='bbox 981 605 1100 674; x_wconf 92' lang='lat' dir='ltr'>ceteris,</span> <span class='ocrx_word' id='word_1_36' title='bbox 1119 608 1195 664; x_wconf 91' lang='lat' dir='ltr'>sicut</span> <span class='ocrx_word' id='word_1_37' title='bbox 1211 610 1256 665; x_wconf 89' lang='lat' dir='ltr'>est</span> <span class='ocrx_word' id='word_1_38' title='bbox 1270 604 1345 664; x_wconf 85' lang='lat' dir='ltr'>dilli-</span> 
     </span>
     <span class='ocr_line' id='line_1_5' title="bbox 239 687 1344 767; baseline -0.002 -17"><span class='ocrx_word' id='word_1_39' title='bbox 239 689 395 750; x_wconf 91' lang='lat' dir='ltr'>cillimum:</span> <span class='ocrx_word' id='word_1_40' title='bbox 417 687 468 749; x_wconf 92' lang='lat' dir='ltr'>tibi</span> <span class='ocrx_word' id='word_1_41' title='bbox 491 696 520 748; x_wconf 92' lang='lat' dir='ltr'>et</span> <span class='ocrx_word' id='word_1_42' title='bbox 540 689 595 749; x_wconf 87' lang='lat' dir='ltr'>fuit</span> <span class='ocrx_word' id='word_1_43' title='bbox 613 688 670 748; x_wconf 95' lang='lat' dir='ltr'>hoc</span> <span class='ocrx_word' id='word_1_44' title='bbox 692 707 809 767; x_wconf 83' lang='lat' dir='ltr'>semper</span> <span class='ocrx_word' id='word_1_45' title='bbox 830 687 998 750; x_wconf 78' lang='lat' dir='ltr'>facillimum</span> <span class='ocrx_word' id='word_1_46' title='bbox 1021 697 1049 750; x_wconf 91' lang='lat' dir='ltr'>et</span> <span class='ocrx_word' id='word_1_47' title='bbox 1064 707 1133 750; x_wconf 92' lang='lat' dir='ltr'>vero</span> <span class='ocrx_word' id='word_1_48' title='bbox 1150 706 1213 749; x_wconf 91' lang='lat' dir='ltr'>esse</span> <span class='ocrx_word' id='word_1_49' title='bbox 1229 688 1344 757; x_wconf 89' lang='lat' dir='ltr'>debuit;</span> 
     </span>
     <span class='ocr_line' id='line_1_6' title="bbox 239 772 1345 845; baseline -0.002 -9"><span class='ocrx_word' id='word_1_50' title='bbox 239 776 321 836; x_wconf 89' lang='lat' dir='ltr'>cuins</span> <span class='ocrx_word' id='word_1_51' title='bbox 336 781 439 836; x_wconf 85' lang='lat' dir='ltr'>natura</span> <span class='ocrx_word' id='word_1_52' title='bbox 454 772 518 834; x_wconf 86' lang='lat' dir='ltr'>talis</span> <span class='ocrx_word' id='word_1_53' title='bbox 533 781 585 845; x_wconf 87' lang='lat' dir='ltr'>est,</span> <span class='ocrx_word' id='word_1_54' title='bbox 603 780 635 834; x_wconf 93' lang='lat' dir='ltr'>ut</span> <span class='ocrx_word' id='word_1_55' title='bbox 653 774 738 834; x_wconf 91' lang='lat' dir='ltr'>etiam</span> <span class='ocrx_word' id='word_1_56' title='bbox 756 775 819 834; x_wconf 90' lang='lat' dir='ltr'>sine</span> <span class='ocrx_word' id='word_1_57' title='bbox 831 774 964 834; x_wconf 91' lang='lat' dir='ltr'>doctrina</span> <span class='ocrx_word' id='word_1_58' title='bbox 975 773 1107 834; x_wconf 87' lang='lat' dir='ltr'>videatur</span> <span class='ocrx_word' id='word_1_59' title='bbox 1117 772 1268 834; x_wconf 86' lang='lat' dir='ltr'>moderata</span> <span class='ocrx_word' id='word_1_60' title='bbox 1281 792 1345 834; x_wconf 88' lang='lat' dir='ltr'>esse</span> 
     </span>
     <span class='ocr_line' id='line_1_7' title="bbox 238 855 1344 940; baseline -0.002 -20"><span class='ocrx_word' id='word_1_61' title='bbox 238 861 383 940; x_wconf 89' lang='lat' dir='ltr'>potuisse;</span> <span class='ocrx_word' id='word_1_62' title='bbox 407 877 440 918; x_wconf 91' lang='lat' dir='ltr'>ea</span> <span class='ocrx_word' id='word_1_63' title='bbox 460 863 558 919; x_wconf 89' lang='lat' dir='ltr'>autem</span> <span class='ocrx_word' id='word_1_64' title='bbox 580 857 708 919; x_wconf 88' lang='lat' dir='ltr'>adhibita</span> <span class='ocrx_word' id='word_1_65' title='bbox 729 858 861 919; x_wconf 89' lang='lat' dir='ltr'>doctrina</span> <span class='ocrx_word' id='word_1_66' title='bbox 887 866 946 929; x_wconf 90' lang='lat' dir='ltr'>est,</span> <span class='ocrx_word' id='word_1_67' title='bbox 968 877 1045 938; x_wconf 91' lang='lat' dir='ltr'>quae</span> <span class='ocrx_word' id='word_1_68' title='bbox 1064 855 1109 919; x_wconf 87' lang='lat' dir='ltr'>vel</span> <span class='ocrx_word' id='word_1_69' title='bbox 1131 857 1344 918; x_wconf 81' lang='lat' dir='ltr'>vitiosissimam</span> 
     </span>
     <span class='ocr_line' id='line_1_8' title="bbox 238 942 1345 1022; baseline -0.001 -18"><span class='ocrx_word' id='word_1_70' title='bbox 238 952 372 1005; x_wconf 89' lang='lat' dir='ltr'>naturam</span> <span class='ocrx_word' id='word_1_71' title='bbox 397 943 531 1004; x_wconf 81' lang='lat' dir='ltr'><strong>excolere</strong></span> <span class='ocrx_word' id='word_1_72' title='bbox 553 945 654 1022; x_wconf 89' lang='lat' dir='ltr'>possit.</span> <span class='ocrx_word' id='word_1_73' title='bbox 687 942 732 1003; x_wconf 89' lang='lat' dir='ltr'>Tu</span> <span class='ocrx_word' id='word_1_74' title='bbox 749 961 816 1005; x_wconf 91' lang='lat' dir='ltr'>cum</span> <span class='ocrx_word' id='word_1_75' title='bbox 833 946 989 1021; x_wconf 91' lang='lat' dir='ltr'>pecuniae,</span> <span class='ocrx_word' id='word_1_76' title='bbox 1013 961 1080 1004; x_wconf 92' lang='lat' dir='ltr'>cum</span> <span class='ocrx_word' id='word_1_77' title='bbox 1101 943 1255 1022; x_wconf 85' lang='lat' dir='ltr'>voluptati,</span> <span class='ocrx_word' id='word_1_78' title='bbox 1277 961 1345 1003; x_wconf 90' lang='lat' dir='ltr'>cum</span> 
     </span>
     <span class='ocr_line' id='line_1_9' title="bbox 237 1026 1344 1106; baseline 0 -17"><span class='ocrx_word' id='word_1_79' title='bbox 237 1031 367 1091; x_wconf 91' lang='lat' dir='ltr'>omnium</span> <span class='ocrx_word' id='word_1_80' title='bbox 383 1047 485 1089; x_wconf 90' lang='lat' dir='ltr'>rerum</span> <span class='ocrx_word' id='word_1_81' title='bbox 501 1027 650 1106; x_wconf 79' lang='lat' dir='ltr'>cupiditati</span> <span class='ocrx_word' id='word_1_82' title='bbox 668 1029 797 1096; x_wconf 87' lang='lat' dir='ltr'>resistes,</span> <span class='ocrx_word' id='word_1_83' title='bbox 813 1036 845 1088; x_wconf 93' lang='lat' dir='ltr'>nt</span> <span class='ocrx_word' id='word_1_84' title='bbox 860 1027 945 1098; x_wconf 85' lang='lat' dir='ltr'>iacis,</span> <span class='ocrx_word' id='word_1_85' title='bbox 963 1029 1032 1098; x_wconf 92' lang='lat' dir='ltr'>erit,</span> <span class='ocrx_word' id='word_1_86' title='bbox 1048 1027 1153 1098; x_wconf 91' lang='lat' dir='ltr'>credo,</span> <span class='ocrx_word' id='word_1_87' title='bbox 1168 1026 1344 1106; x_wconf 90' lang='lat' dir='ltr'>periculum,</span> 
     </span>
     <span class='ocr_line' id='line_1_10' title="bbox 237 1110 1344 1192; baseline -0.002 -17"><span class='ocrx_word' id='word_1_88' title='bbox 237 1132 275 1175; x_wconf 94' lang='lat' dir='ltr'>ne</span> <span class='ocrx_word' id='word_1_89' title='bbox 286 1113 453 1192; x_wconf 91' lang='lat' dir='ltr'>improbum</span> <span class='ocrx_word' id='word_1_90' title='bbox 468 1114 689 1192; x_wconf 80' lang='lat' dir='ltr'>negotiatorem,</span> <span class='ocrx_word' id='word_1_91' title='bbox 705 1112 803 1192; x_wconf 91' lang='lat' dir='ltr'>paullo</span> <span class='ocrx_word' id='word_1_92' title='bbox 819 1113 1000 1191; x_wconf 83' lang='lat' dir='ltr'>cupidiorem</span> <span class='ocrx_word' id='word_1_93' title='bbox 1015 1110 1204 1192; x_wconf 89' lang='lat' dir='ltr'>publicanum</span> <span class='ocrx_word' id='word_1_94' title='bbox 1217 1114 1344 1191; x_wconf 90' lang='lat' dir='ltr'>compri-</span> 
     </span>
     <span class='ocr_line' id='line_1_11' title="bbox 237 1196 1345 1276; baseline -0.002 -17"><span class='ocrx_word' id='word_1_95' title='bbox 237 1217 319 1260; x_wconf 86' lang='lat' dir='ltr'>mere</span> <span class='ocrx_word' id='word_1_96' title='bbox 335 1215 393 1259; x_wconf 89' lang='lat' dir='ltr'>non</span> <span class='ocrx_word' id='word_1_97' title='bbox 409 1199 514 1276; x_wconf 89' lang='lat' dir='ltr'>possis.</span> <span class='ocrx_word' id='word_1_98' title='bbox 540 1197 613 1258; x_wconf 90' lang='lat' dir='ltr'>Nam</span> <span class='ocrx_word' id='word_1_99' title='bbox 624 1198 728 1258; x_wconf 89' lang='lat' dir='ltr'>Graeci</span> <span class='ocrx_word' id='word_1_100' title='bbox 744 1197 862 1276; x_wconf 86' lang='lat' dir='ltr'>quidem</span> <span class='ocrx_word' id='word_1_101' title='bbox 878 1199 919 1258; x_wconf 89' lang='lat' dir='ltr'>sic</span> <span class='ocrx_word' id='word_1_102' title='bbox 935 1208 963 1259; x_wconf 91' lang='lat' dir='ltr'>te</span> <span class='ocrx_word' id='word_1_103' title='bbox 977 1200 1016 1259; x_wconf 91' lang='lat' dir='ltr'>ita</span> <span class='ocrx_word' id='word_1_104' title='bbox 1031 1199 1173 1258; x_wconf 86' lang='lat' dir='ltr'>viventem</span> <span class='ocrx_word' id='word_1_105' title='bbox 1188 1196 1345 1258; x_wconf 91' lang='lat' dir='ltr'>intuebun-</span> 
     </span>
     <span class='ocr_line' id='line_1_12' title="bbox 224 1281 1344 1374; baseline -0.001 -31"><span class='ocrx_word' id='word_1_106' title='bbox 224 1291 295 1374; x_wconf 62' lang='lat' dir='ltr'>pur,</span> <span class='ocrx_word' id='word_1_107' title='bbox 312 1291 345 1344; x_wconf 91' lang='lat' dir='ltr'>ut</span> <span class='ocrx_word' id='word_1_108' title='bbox 360 1283 505 1363; x_wconf 88' lang='lat' dir='ltr'>quendam</span> <span class='ocrx_word' id='word_1_109' title='bbox 526 1299 561 1344; x_wconf 85' lang='lat' dir='ltr'>ex</span> <span class='ocrx_word' id='word_1_110' title='bbox 577 1281 722 1348; x_wconf 89' lang='lat' dir='ltr'>annalium</span> <span class='ocrx_word' id='word_1_111' title='bbox 738 1285 881 1344; x_wconf 91' lang='lat' dir='ltr'>memoria</span> <span class='ocrx_word' id='word_1_112' title='bbox 899 1284 1051 1344; x_wconf 89' lang='lat' dir='ltr'>autetiam</span> <span class='ocrx_word' id='word_1_113' title='bbox 1068 1283 1105 1344; x_wconf 94' lang='lat' dir='ltr'>de</span> <span class='ocrx_word' id='word_1_114' title='bbox 1120 1282 1202 1344; x_wconf 92' lang='lat' dir='ltr'>coelo</span> <span class='ocrx_word' id='word_1_115' title='bbox 1215 1283 1344 1343; x_wconf 77' lang='lat' dir='ltr'>dimnnm</span> 
     </span>
     <span class='ocr_line' id='line_1_13' title="bbox 198 1367 1343 1447; baseline -0.002 -19"><span class='ocrx_word' id='word_1_116' title='bbox 198 1373 217 1435; x_wconf 91' lang='lat'>8</span> <span class='ocrx_word' id='word_1_117' title='bbox 240 1369 388 1430; x_wconf 89' lang='lat' dir='ltr'>hominem</span> <span class='ocrx_word' id='word_1_118' title='bbox 404 1387 468 1430; x_wconf 90' lang='lat' dir='ltr'>esse</span> <span class='ocrx_word' id='word_1_119' title='bbox 483 1369 512 1429; x_wconf 92' lang='lat' dir='ltr'>in</span> <span class='ocrx_word' id='word_1_120' title='bbox 533 1369 711 1446; x_wconf 87' lang='lat' dir='ltr'>provinciam</span> <span class='ocrx_word' id='word_1_121' title='bbox 733 1367 884 1447; x_wconf 91' lang='lat' dir='ltr'>delapsum</span> <span class='ocrx_word' id='word_1_122' title='bbox 903 1375 1016 1446; x_wconf 89' lang='lat' dir='ltr'>putent.</span> <span class='ocrx_word' id='word_1_123' title='bbox 1044 1368 1139 1446; x_wconf 78' lang='lat' dir='ltr'>Atque</span> <span class='ocrx_word' id='word_1_124' title='bbox 1160 1368 1235 1429; x_wconf 91' lang='lat' dir='ltr'>haec</span> <span class='ocrx_word' id='word_1_125' title='bbox 1254 1385 1343 1436; x_wconf 90' lang='lat' dir='ltr'>nunc,</span> 
     </span>
     <span class='ocr_line' id='line_1_14' title="bbox 238 1450 1345 1532; baseline 0 -19"><span class='ocrx_word' id='word_1_126' title='bbox 238 1471 299 1513; x_wconf 91' lang='lat' dir='ltr'>non</span> <span class='ocrx_word' id='word_1_127' title='bbox 310 1461 342 1515; x_wconf 93' lang='lat' dir='ltr'>ut</span> <span class='ocrx_word' id='word_1_128' title='bbox 353 1453 451 1524; x_wconf 85' lang='lat' dir='ltr'>iacias,</span> <span class='ocrx_word' id='word_1_129' title='bbox 468 1452 561 1514; x_wconf 91' lang='lat' dir='ltr'>sednt</span> <span class='ocrx_word' id='word_1_130' title='bbox 571 1461 600 1514; x_wconf 90' lang='lat' dir='ltr'>te</span> <span class='ocrx_word' id='word_1_131' title='bbox 612 1454 709 1514; x_wconf 86' lang='lat' dir='ltr'>facere</span> <span class='ocrx_word' id='word_1_132' title='bbox 720 1461 749 1514; x_wconf 93' lang='lat' dir='ltr'>et</span> <span class='ocrx_word' id='word_1_133' title='bbox 760 1453 864 1514; x_wconf 86' lang='lat' dir='ltr'>iecisse</span> <span class='ocrx_word' id='word_1_134' title='bbox 876 1451 1013 1532; x_wconf 83' lang='lat' dir='ltr'>gaudeas,</span> <span class='ocrx_word' id='word_1_135' title='bbox 1026 1452 1134 1514; x_wconf 87' lang='lat' dir='ltr'>scribo.</span> <span class='ocrx_word' id='word_1_136' title='bbox 1157 1450 1345 1514; x_wconf 87' lang='lat' dir='ltr'>Praeclarum</span> 
     </span>
     <span class='ocr_line' id='line_1_15' title="bbox 239 1536 1345 1618; baseline -0.003 -18"><span class='ocrx_word' id='word_1_137' title='bbox 239 1547 282 1600; x_wconf 88' lang='lat' dir='ltr'>est</span> <span class='ocrx_word' id='word_1_138' title='bbox 299 1540 376 1600; x_wconf 90' lang='lat' dir='ltr'>enim</span> <span class='ocrx_word' id='word_1_139' title='bbox 392 1556 507 1598; x_wconf 89' lang='lat' dir='ltr'>summo</span> <span class='ocrx_word' id='word_1_140' title='bbox 520 1556 587 1598; x_wconf 91' lang='lat' dir='ltr'>cnm</span> <span class='ocrx_word' id='word_1_141' title='bbox 595 1538 719 1618; x_wconf 89' lang='lat' dir='ltr'>imperio</span> <span class='ocrx_word' id='word_1_142' title='bbox 735 1537 824 1598; x_wconf 88' lang='lat' dir='ltr'>luisse</span> <span class='ocrx_word' id='word_1_143' title='bbox 834 1539 864 1598; x_wconf 93' lang='lat' dir='ltr'>in</span> <span class='ocrx_word' id='word_1_144' title='bbox 876 1537 941 1599; x_wconf 81' lang='lat' dir='ltr'>Asia</span> <span class='ocrx_word' id='word_1_145' title='bbox 953 1539 1113 1599; x_wconf 88' lang='lat' dir='ltr'>triennium</span> <span class='ocrx_word' id='word_1_146' title='bbox 1124 1537 1176 1607; x_wconf 91' lang='lat' dir='ltr'>sic,</span> <span class='ocrx_word' id='word_1_147' title='bbox 1187 1545 1220 1597; x_wconf 93' lang='lat' dir='ltr'>ut</span> <span class='ocrx_word' id='word_1_148' title='bbox 1232 1536 1345 1598; x_wconf 92' lang='lat' dir='ltr'>nullum</span> 
     </span>
     <span class='ocr_line' id='line_1_16' title="bbox 238 1620 1343 1703; baseline -0.001 -20"><span class='ocrx_word' id='word_1_149' title='bbox 238 1630 266 1684; x_wconf 90' lang='lat' dir='ltr'>te</span> <span class='ocrx_word' id='word_1_150' title='bbox 287 1627 417 1701; x_wconf 85' lang='lat' dir='ltr'>signum,</span> <span class='ocrx_word' id='word_1_151' title='bbox 439 1621 518 1685; x_wconf 91' lang='lat' dir='ltr'>nulla</span> <span class='ocrx_word' id='word_1_152' title='bbox 538 1625 669 1703; x_wconf 88' lang='lat' dir='ltr'>pictura,</span> <span class='ocrx_word' id='word_1_153' title='bbox 690 1620 804 1683; x_wconf 93' lang='lat' dir='ltr'>nullum</span> <span class='ocrx_word' id='word_1_154' title='bbox 818 1640 885 1694; x_wconf 82' lang='lat' dir='ltr'>vas,</span> <span class='ocrx_word' id='word_1_155' title='bbox 907 1620 986 1682; x_wconf 91' lang='lat' dir='ltr'>nulla</span> <span class='ocrx_word' id='word_1_156' title='bbox 1001 1624 1104 1691; x_wconf 85' lang='lat' dir='ltr'>restis,</span> <span class='ocrx_word' id='word_1_157' title='bbox 1129 1620 1243 1684; x_wconf 90' lang='lat' dir='ltr'>nullum</span> <span class='ocrx_word' id='word_1_158' title='bbox 1260 1641 1343 1682; x_wconf 92' lang='lat' dir='ltr'>man-</span> 
     </span>
     <span class='ocr_line' id='line_1_17' title="bbox 238 1705 1344 1804; baseline 0 -36"><span class='ocrx_word' id='word_1_159' title='bbox 238 1709 361 1786; x_wconf 89' lang='lat' dir='ltr'>cipium,</span> <span class='ocrx_word' id='word_1_160' title='bbox 385 1707 463 1769; x_wconf 91' lang='lat' dir='ltr'>nulla</span> <span class='ocrx_word' id='word_1_161' title='bbox 485 1709 580 1793; x_wconf 68' lang='lat' dir='ltr'>torma</span> <span class='ocrx_word' id='word_1_162' title='bbox 599 1709 785 1786; x_wconf 88' lang='lat' dir='ltr'>cuiusquam,</span> <span class='ocrx_word' id='word_1_163' title='bbox 804 1706 884 1769; x_wconf 92' lang='lat' dir='ltr'>nulla</span> <span class='ocrx_word' id='word_1_164' title='bbox 905 1708 1215 1804; x_wconf 62' lang='lat' dir='ltr'>condichnniae,</span> <span class='ocrx_word' id='word_1_165' title='bbox 1237 1705 1344 1785; x_wconf 89' lang='lat' dir='ltr'>quibus</span> 
     </span>
     <span class='ocr_line' id='line_1_18' title="bbox 238 1790 1346 1871; baseline 0 -18"><span class='ocrx_word' id='word_1_166' title='bbox 238 1793 328 1854; x_wconf 90' lang='lat' dir='ltr'>rebus</span> <span class='ocrx_word' id='word_1_167' title='bbox 341 1792 470 1854; x_wconf 89' lang='lat' dir='ltr'>abundat</span> <span class='ocrx_word' id='word_1_168' title='bbox 484 1793 538 1854; x_wconf 85' lang='lat' dir='ltr'>ista</span> <span class='ocrx_word' id='word_1_169' title='bbox 554 1793 718 1871; x_wconf 84' lang='lat' dir='ltr'>provincia,</span> <span class='ocrx_word' id='word_1_170' title='bbox 740 1790 776 1854; x_wconf 88' lang='lat' dir='ltr'>ab</span> <span class='ocrx_word' id='word_1_171' title='bbox 798 1811 911 1854; x_wconf 91' lang='lat' dir='ltr'>summa</span> <span class='ocrx_word' id='word_1_172' title='bbox 929 1794 1094 1871; x_wconf 79' lang='lat' dir='ltr'>integritate</span> <span class='ocrx_word' id='word_1_173' title='bbox 1110 1792 1346 1871; x_wconf 87' lang='lat' dir='ltr'>continentiaque</span> 
     </span>
     <span class='ocr_line' id='line_1_19' title="bbox 198 1874 1345 1957; baseline -0.005 -13"><span class='ocrx_word' id='word_1_174' title='bbox 198 1883 217 1944; x_wconf 85' lang='lat'>9</span> <span class='ocrx_word' id='word_1_175' title='bbox 240 1876 403 1940; x_wconf 77' lang='lat' dir='ltr'>deduxerit,</span> <span class='ocrx_word' id='word_1_176' title='bbox 434 1878 509 1949; x_wconf 83' lang='lat' dir='ltr'>Quid</span> <span class='ocrx_word' id='word_1_177' title='bbox 527 1882 624 1938; x_wconf 91' lang='lat' dir='ltr'>autem</span> <span class='ocrx_word' id='word_1_178' title='bbox 638 1879 765 1956; x_wconf 91' lang='lat' dir='ltr'>reperiri</span> <span class='ocrx_word' id='word_1_179' title='bbox 777 1885 836 1938; x_wconf 90' lang='lat' dir='ltr'>tam</span> <span class='ocrx_word' id='word_1_180' title='bbox 852 1879 989 1940; x_wconf 85' lang='lat' dir='ltr'>eximium</span> <span class='ocrx_word' id='word_1_181' title='bbox 1005 1884 1055 1940; x_wconf 90' lang='lat' dir='ltr'>aut</span> <span class='ocrx_word' id='word_1_182' title='bbox 1071 1886 1131 1938; x_wconf 90' lang='lat' dir='ltr'>tam</span> <span class='ocrx_word' id='word_1_183' title='bbox 1149 1874 1345 1957; x_wconf 83' lang='lat' dir='ltr'>expetendum</span> 
     </span>
     <span class='ocr_line' id='line_1_20' title="bbox 237 1962 1344 2041; baseline -0.001 -17"><span class='ocrx_word' id='word_1_184' title='bbox 237 1970 348 2041; x_wconf 87' lang='lat' dir='ltr'>potest,</span> <span class='ocrx_word' id='word_1_185' title='bbox 366 1981 454 2041; x_wconf 90' lang='lat' dir='ltr'>quam</span> <span class='ocrx_word' id='word_1_186' title='bbox 473 1964 558 2024; x_wconf 88' lang='lat' dir='ltr'>istam</span> <span class='ocrx_word' id='word_1_187' title='bbox 573 1963 720 2034; x_wconf 89' lang='lat' dir='ltr'>virtutem,</span> <span class='ocrx_word' id='word_1_188' title='bbox 741 1962 974 2024; x_wconf 86' lang='lat' dir='ltr'>moderationem</span> <span class='ocrx_word' id='word_1_189' title='bbox 997 1963 1100 2034; x_wconf 89' lang='lat' dir='ltr'>animi,</span> <span class='ocrx_word' id='word_1_190' title='bbox 1121 1963 1344 2041; x_wconf 89' lang='lat' dir='ltr'>temperantiam</span> 
     </span>
     <span class='ocr_line' id='line_1_21' title="bbox 237 2045 1345 2127; baseline -0.002 -19"><span class='ocrx_word' id='word_1_191' title='bbox 237 2066 296 2109; x_wconf 93' lang='lat' dir='ltr'>non</span> <span class='ocrx_word' id='word_1_192' title='bbox 311 2047 403 2110; x_wconf 90' lang='lat' dir='ltr'>latere</span> <span class='ocrx_word' id='word_1_193' title='bbox 426 2047 603 2109; x_wconf 89' lang='lat' dir='ltr'>intenebris</span> <span class='ocrx_word' id='word_1_194' title='bbox 622 2062 720 2127; x_wconf 88' lang='lat' dir='ltr'>neque</span> <span class='ocrx_word' id='word_1_195' title='bbox 740 2067 806 2109; x_wconf 90' lang='lat' dir='ltr'>esse</span> <span class='ocrx_word' id='word_1_196' title='bbox 826 2046 970 2118; x_wconf 86' lang='lat' dir='ltr'>abditam,</span> <span class='ocrx_word' id='word_1_197' title='bbox 992 2048 1044 2109; x_wconf 91' lang='lat' dir='ltr'>sed</span> <span class='ocrx_word' id='word_1_198' title='bbox 1065 2050 1095 2108; x_wconf 91' lang='lat' dir='ltr'>in</span> <span class='ocrx_word' id='word_1_199' title='bbox 1113 2045 1180 2109; x_wconf 92' lang='lat' dir='ltr'>luce</span> <span class='ocrx_word' id='word_1_200' title='bbox 1194 2047 1294 2118; x_wconf 80' lang='lat' dir='ltr'>Asiae,</span> <span class='ocrx_word' id='word_1_201' title='bbox 1314 2048 1345 2107; x_wconf 93' lang='lat' dir='ltr'>in</span> 
     </span>
     <span class='ocr_line' id='line_1_22' title="bbox 238 2131 1345 2212; baseline 0 -20"><span class='ocrx_word' id='word_1_202' title='bbox 238 2131 330 2195; x_wconf 90' lang='lat' dir='ltr'>oculis</span> <span class='ocrx_word' id='word_1_203' title='bbox 345 2132 524 2194; x_wconf 87' lang='lat' dir='ltr'>clarissimae</span> <span class='ocrx_word' id='word_1_204' title='bbox 541 2133 709 2211; x_wconf 88' lang='lat' dir='ltr'>provinciae</span> <span class='ocrx_word' id='word_1_205' title='bbox 729 2139 817 2212; x_wconf 90' lang='lat' dir='ltr'>atque</span> <span class='ocrx_word' id='word_1_206' title='bbox 829 2134 860 2194; x_wconf 95' lang='lat' dir='ltr'>in</span> <span class='ocrx_word' id='word_1_207' title='bbox 876 2132 996 2194; x_wconf 91' lang='lat' dir='ltr'>auribus</span> <span class='ocrx_word' id='word_1_208' title='bbox 1012 2133 1143 2193; x_wconf 90' lang='lat' dir='ltr'>omnium</span> <span class='ocrx_word' id='word_1_209' title='bbox 1162 2133 1292 2210; x_wconf 84' lang='lat' dir='ltr'>gentium</span> <span class='ocrx_word' id='word_1_210' title='bbox 1310 2150 1345 2192; x_wconf 89' lang='lat' dir='ltr'>ac</span> 
     </span>
     <span class='ocr_line' id='line_1_23' title="bbox 238 2216 1343 2296; baseline 0.001 -19"><span class='ocrx_word' id='word_1_211' title='bbox 238 2219 389 2279; x_wconf 87' lang='lat' dir='ltr'>nationum</span> <span class='ocrx_word' id='word_1_212' title='bbox 418 2235 482 2278; x_wconf 90' lang='lat' dir='ltr'>esse</span> <span class='ocrx_word' id='word_1_213' title='bbox 507 2217 651 2295; x_wconf 76' lang='lat' dir='ltr'>positam?</span> <span class='ocrx_word' id='word_1_214' title='bbox 684 2235 744 2277; x_wconf 91' lang='lat' dir='ltr'>non</span> <span class='ocrx_word' id='word_1_215' title='bbox 767 2217 921 2279; x_wconf 86' lang='lat' dir='ltr'>itineribus</span> <span class='ocrx_word' id='word_1_216' title='bbox 942 2220 1000 2278; x_wconf 91' lang='lat' dir='ltr'>tuis</span> <span class='ocrx_word' id='word_1_217' title='bbox 1022 2218 1181 2296; x_wconf 91' lang='lat' dir='ltr'>perterreri</span> <span class='ocrx_word' id='word_1_218' title='bbox 1199 2216 1343 2285; x_wconf 88' lang='lat' dir='ltr'>homines,</span> 
     </span>
     <span class='ocr_line' id='line_1_24' title="bbox 236 2301 1344 2383; baseline -0.002 -20"><span class='ocrx_word' id='word_1_219' title='bbox 236 2319 297 2363; x_wconf 91' lang='lat' dir='ltr'>non</span> <span class='ocrx_word' id='word_1_220' title='bbox 311 2308 429 2383; x_wconf 89' lang='lat' dir='ltr'>sumptu</span> <span class='ocrx_word' id='word_1_221' title='bbox 446 2303 608 2372; x_wconf 83' lang='lat' dir='ltr'>exhauriri,</span> <span class='ocrx_word' id='word_1_222' title='bbox 628 2319 688 2364; x_wconf 89' lang='lat' dir='ltr'>nou</span> <span class='ocrx_word' id='word_1_223' title='bbox 706 2301 831 2364; x_wconf 81' lang='lat' dir='ltr'>edrentn</span> <span class='ocrx_word' id='word_1_224' title='bbox 847 2303 1043 2363; x_wconf 79' lang='lat' dir='ltr'>commoveri?</span> <span class='ocrx_word' id='word_1_225' title='bbox 1065 2319 1144 2371; x_wconf 89' lang='lat' dir='ltr'>esse,</span> <span class='ocrx_word' id='word_1_226' title='bbox 1168 2317 1344 2382; x_wconf 90' lang='lat' dir='ltr'>quocunque</span> 
     </span>
     <span class='ocr_line' id='line_1_25' title="bbox 238 2386 1344 2467; baseline 0 -22"><span class='ocrx_word' id='word_1_227' title='bbox 238 2388 369 2455; x_wconf 90' lang='lat' dir='ltr'>veneris,</span> <span class='ocrx_word' id='word_1_228' title='bbox 387 2394 415 2448; x_wconf 89' lang='lat' dir='ltr'>et</span> <span class='ocrx_word' id='word_1_229' title='bbox 428 2387 546 2466; x_wconf 91' lang='lat' dir='ltr'>publice</span> <span class='ocrx_word' id='word_1_230' title='bbox 559 2398 588 2449; x_wconf 93' lang='lat' dir='ltr'>et</span> <span class='ocrx_word' id='word_1_231' title='bbox 598 2388 732 2467; x_wconf 91' lang='lat' dir='ltr'>privatim</span> <span class='ocrx_word' id='word_1_232' title='bbox 744 2390 900 2449; x_wconf 81' lang='lat' dir='ltr'>maximam</span> <span class='ocrx_word' id='word_1_233' title='bbox 912 2388 1066 2456; x_wconf 89' lang='lat' dir='ltr'>laetitiam,</span> <span class='ocrx_word' id='word_1_234' title='bbox 1084 2406 1151 2447; x_wconf 92' lang='lat' dir='ltr'>cum</span> <span class='ocrx_word' id='word_1_235' title='bbox 1164 2386 1235 2448; x_wconf 92' lang='lat' dir='ltr'>urbs</span> <span class='ocrx_word' id='word_1_236' title='bbox 1246 2393 1344 2446; x_wconf 93' lang='lat' dir='ltr'>custo-</span> 
     </span>
     <span class='ocr_line' id='line_1_26' title="bbox 144 2470 1345 2553; baseline -0.001 -20"><span class='ocrx_word' id='word_1_237' title='bbox 144 2510 145 2521; x_wconf 63' lang='lat'>,</span> <span class='ocrx_word' id='word_1_238' title='bbox 238 2472 321 2542; x_wconf 88' lang='lat' dir='ltr'>dem,</span> <span class='ocrx_word' id='word_1_239' title='bbox 345 2490 403 2533; x_wconf 92' lang='lat' dir='ltr'>non</span> <span class='ocrx_word' id='word_1_240' title='bbox 421 2480 590 2551; x_wconf 80' lang='lat' dir='ltr'>tyrannum,</span> <span class='ocrx_word' id='word_1_241' title='bbox 615 2472 720 2533; x_wconf 89' lang='lat' dir='ltr'>domus</span> <span class='ocrx_word' id='word_1_242' title='bbox 733 2472 896 2551; x_wconf 90' lang='lat' dir='ltr'>hospitem,</span> <span class='ocrx_word' id='word_1_243' title='bbox 917 2491 976 2533; x_wconf 90' lang='lat' dir='ltr'>non</span> <span class='ocrx_word' id='word_1_244' title='bbox 993 2470 1183 2553; x_wconf 82' lang='lat' dir='ltr'>expilatorem</span> <span class='ocrx_word' id='word_1_245' title='bbox 1198 2472 1345 2549; x_wconf 88' lang='lat' dir='ltr'>recepisse</span> 
     </span>
     <span class='ocr_line' id='line_1_27' title="bbox 237 2558 388 2619; baseline 0.007 -3"><span class='ocrx_word' id='word_1_246' title='bbox 237 2558 388 2619; x_wconf 77' lang='lat' dir='ltr'>videatur?</span> 
     </span>
    </p>
   </div>
   <div class='ocr_carea' id='block_1_3' title="bbox 124 2771 1388 4337">
    <p class='ocr_par' dir='ltr' id='par_1_3' title="bbox 124 2771 1388 4337">
     <span class='ocr_line' id='line_1_28' title="bbox 237 2771 1346 2843; baseline -0.004 -18"><span class='ocrx_word' id='word_1_247' title='bbox 237 2774 500 2843; x_wconf 77' lang='lat' dir='ltr'>mapiealt&#39;quanto]</span> <span class='ocrx_word' id='word_1_248' title='bbox 519 2776 671 2827; x_wconf 81' lang='lat' dir='ltr'>bedentend</span> <span class='ocrx_word' id='word_1_249' title='bbox 682 2776 767 2829; x_wconf 83' lang='lat' dir='ltr'>mehr.</span> <span class='ocrx_word' id='word_1_250' title='bbox 818 2774 870 2826; x_wconf 85' lang='lat' dir='ltr'>Cn.</span> <span class='ocrx_word' id='word_1_251' title='bbox 888 2774 985 2842; x_wconf 84' lang='lat' dir='ltr'>Pomp.</span> <span class='ocrx_word' id='word_1_252' title='bbox 1007 2776 1066 2838; x_wconf 70' lang='lat'>57,</span> <span class='ocrx_word' id='word_1_253' title='bbox 1101 2772 1283 2825; x_wconf 77' lang='lat' dir='ltr'>Mithridates</span> <span class='ocrx_word' id='word_1_254' title='bbox 1303 2771 1346 2821; x_wconf 78' lang='lat' dir='ltr'>itu</span> 
     </span>
     <span class='ocr_line' id='line_1_29' title="bbox 237 2840 1346 2911; baseline -0.003 -19"><span class='ocrx_word' id='word_1_255' title='bbox 237 2843 415 2909; x_wconf 80' lang='lat' dir='ltr'>Aliquantum</span> <span class='ocrx_word' id='word_1_256' title='bbox 426 2842 769 2911; x_wconf 83' lang='lat' dir='ltr'>liegtseinerBedentung</span> <span class='ocrx_word' id='word_1_257' title='bbox 818 2849 930 2908; x_wconf 72' lang='lat' dir='ltr'>repetat,</span> <span class='ocrx_word' id='word_1_258' title='bbox 949 2850 981 2893; x_wconf 86' lang='lat' dir='ltr'>ut</span> <span class='ocrx_word' id='word_1_259' title='bbox 996 2859 1025 2893; x_wconf 84' lang='lat' dir='ltr'>ee</span> <span class='ocrx_word' id='word_1_260' title='bbox 1040 2857 1098 2893; x_wconf 80' lang='lat' dir='ltr'>non</span> <span class='ocrx_word' id='word_1_261' title='bbox 1113 2842 1216 2895; x_wconf 84' lang='lat' dir='ltr'>Ponti.</span> <span class='ocrx_word' id='word_1_262' title='bbox 1231 2877 1237 2888; x_wconf 94' lang='lat'>.</span> <span class='ocrx_word' id='word_1_263' title='bbox 1254 2877 1261 2891; x_wconf 91' lang='lat'><strong>.</strong></span> <span class='ocrx_word' id='word_1_264' title='bbox 1277 2840 1346 2891; x_wconf 85' lang='lat' dir='ltr'>late-</span> 
     </span>
     <span class='ocr_line' id='line_1_30' title="bbox 238 2908 1347 2977; baseline -0.005 -15"><span class='ocrx_word' id='word_1_265' title='bbox 238 2910 308 2962; x_wconf 85' lang='lat' dir='ltr'>nach</span> <span class='ocrx_word' id='word_1_266' title='bbox 320 2911 349 2962; x_wconf 92' lang='lat' dir='ltr'>in</span> <span class='ocrx_word' id='word_1_267' title='bbox 363 2911 412 2963; x_wconf 87' lang='lat' dir='ltr'>der</span> <span class='ocrx_word' id='word_1_268' title='bbox 425 2911 508 2963; x_wconf 87' lang='lat' dir='ltr'>Mitte</span> <span class='ocrx_word' id='word_1_269' title='bbox 525 2910 663 2963; x_wconf 85' lang='lat' dir='ltr'>zwischen</span> <span class='ocrx_word' id='word_1_270' title='bbox 680 2912 768 2977; x_wconf 74' lang='lat' dir='ltr'>wenly</span> <span class='ocrx_word' id='word_1_271' title='bbox 817 2911 874 2961; x_wconf 80' lang='lat' dir='ltr'>brie</span> <span class='ocrx_word' id='word_1_272' title='bbox 898 2912 1035 2962; x_wconf 83' lang='lat' dir='ltr'>occultare</span> <span class='ocrx_word' id='word_1_273' title='bbox 1057 2910 1124 2961; x_wconf 82' lang='lat' dir='ltr'>velit</span> <span class='ocrx_word' id='word_1_274' title='bbox 1145 2910 1193 2960; x_wconf 80' lang='lat' dir='ltr'>ced</span> <span class='ocrx_word' id='word_1_275' title='bbox 1216 2909 1246 2959; x_wconf 75' lang='lat' dir='ltr'>in</span> <span class='ocrx_word' id='word_1_276' title='bbox 1263 2908 1347 2959; x_wconf 77' lang='lat' dir='ltr'>Actae</span> 
     </span>
     <span class='ocr_line' id='line_1_31' title="bbox 124 2974 1346 3045; baseline -0.002 -16"><span class='ocrx_word' id='word_1_277' title='bbox 124 2989 137 3021; x_wconf 86' lang='grc'>“--</span> <span class='ocrx_word' id='word_1_278' title='bbox 239 2979 294 3030; x_wconf 77' lang='lat' dir='ltr'>tund</span> <span class='ocrx_word' id='word_1_279' title='bbox 312 2979 378 3043; x_wconf 82' lang='lat' dir='ltr'>viel,</span> <span class='ocrx_word' id='word_1_280' title='bbox 399 2979 573 3031; x_wconf 72' lang='lat' dir='ltr'>und⁸ndhert</span> <span class='ocrx_word' id='word_1_281' title='bbox 584 2978 644 3031; x_wconf 89' lang='lat' dir='ltr'>sich</span> <span class='ocrx_word' id='word_1_282' title='bbox 653 2978 683 3045; x_wconf 87' lang='lat' dir='ltr'>je</span> <span class='ocrx_word' id='word_1_283' title='bbox 697 2980 767 3031; x_wconf 84' lang='lat' dir='ltr'>nach</span> <span class='ocrx_word' id='word_1_284' title='bbox 818 2980 878 3030; x_wconf 82' lang='lat' dir='ltr'>loce</span> <span class='ocrx_word' id='word_1_285' title='bbox 894 2979 1010 3033; x_wconf 81' lang='lat' dir='ltr'>versari.</span> <span class='ocrx_word' id='word_1_286' title='bbox 1034 2978 1098 3029; x_wconf 61' lang='lat' dir='ltr'>Inue</span> <span class='ocrx_word' id='word_1_287' title='bbox 1115 2976 1280 3029; x_wconf 82' lang='lat' dir='ltr'>bezeichnet</span> <span class='ocrx_word' id='word_1_288' title='bbox 1296 2974 1346 3027; x_wconf 82' lang='lat' dir='ltr'>das</span> 
     </span>
     <span class='ocr_line' id='line_1_32' title="bbox 237 3042 1345 3113; baseline -0.003 -16"><span class='ocrx_word' id='word_1_289' title='bbox 237 3046 298 3097; x_wconf 88' lang='lat' dir='ltr'>dem</span> <span class='ocrx_word' id='word_1_290' title='bbox 326 3046 581 3113; x_wconf 82' lang='lat' dir='ltr'>Znsemmenlrange</span> <span class='ocrx_word' id='word_1_291' title='bbox 609 3045 676 3099; x_wconf 81' lang='lat' dir='ltr'>bald</span> <span class='ocrx_word' id='word_1_292' title='bbox 706 3046 768 3098; x_wconf 90' lang='lat' dir='ltr'>dem</span> <span class='ocrx_word' id='word_1_293' title='bbox 818 3045 992 3098; x_wconf 86' lang='lat' dir='ltr'>verbreitete</span> <span class='ocrx_word' id='word_1_294' title='bbox 1003 3045 1101 3111; x_wconf 83' lang='lat' dir='ltr'>Licht,</span> <span class='ocrx_word' id='word_1_295' title='bbox 1118 3044 1163 3096; x_wconf 87' lang='lat' dir='ltr'>die</span> <span class='ocrx_word' id='word_1_296' title='bbox 1181 3042 1345 3109; x_wconf 65' lang='lat' dir='ltr'>Hertigkeie</span> 
     </span>
     <span class='ocr_line' id='line_1_33' title="bbox 238 3110 1345 3182; baseline -0.003 -18"><span class='ocrx_word' id='word_1_297' title='bbox 238 3114 327 3165; x_wconf 73' lang='lat' dir='ltr'>Einen</span> <span class='ocrx_word' id='word_1_298' title='bbox 338 3113 405 3165; x_wconf 84' lang='lat' dir='ltr'>bald</span> <span class='ocrx_word' id='word_1_299' title='bbox 415 3114 475 3165; x_wconf 90' lang='lat' dir='ltr'>dem</span> <span class='ocrx_word' id='word_1_300' title='bbox 485 3114 609 3165; x_wconf 80' lang='lat' dir='ltr'>Andern.</span> <span class='ocrx_word' id='word_1_301' title='bbox 620 3140 650 3150; x_wconf 92' lang='lat'><em>-</em></span> <span class='ocrx_word' id='word_1_302' title='bbox 661 3121 687 3165; x_wconf 89' lang='lat' dir='ltr'>te</span> <span class='ocrx_word' id='word_1_303' title='bbox 696 3113 767 3182; x_wconf 80' lang='lat' dir='ltr'>ipsc]</span> <span class='ocrx_word' id='word_1_304' title='bbox 819 3131 849 3165; x_wconf 83' lang='lat' dir='ltr'>so</span> <span class='ocrx_word' id='word_1_305' title='bbox 859 3115 910 3164; x_wconf 76' lang='lat' dir='ltr'>lux</span> <span class='ocrx_word' id='word_1_306' title='bbox 918 3114 985 3165; x_wconf 78' lang='lat' dir='ltr'>colle</span> <span class='ocrx_word' id='word_1_307' title='bbox 995 3113 1041 3164; x_wconf 89' lang='lat' dir='ltr'>die</span> <span class='ocrx_word' id='word_1_308' title='bbox 1050 3129 1104 3163; x_wconf 90' lang='lat' dir='ltr'>von</span> <span class='ocrx_word' id='word_1_309' title='bbox 1115 3111 1166 3163; x_wconf 87' lang='lat' dir='ltr'>der</span> <span class='ocrx_word' id='word_1_310' title='bbox 1174 3110 1269 3161; x_wconf 80' lang='lat' dir='ltr'>Sonne</span> <span class='ocrx_word' id='word_1_311' title='bbox 1279 3128 1345 3161; x_wconf 87' lang='lat' dir='ltr'>ver-</span> 
     </span>
     <span class='ocr_line' id='line_1_34' title="bbox 238 3177 1348 3262; baseline -0.003 -30"><span class='ocrx_word' id='word_1_312' title='bbox 238 3182 288 3232; x_wconf 88' lang='lat' dir='ltr'>der</span> <span class='ocrx_word' id='word_1_313' title='bbox 301 3182 460 3247; x_wconf 83' lang='lat' dir='ltr'>Gegensetz</span> <span class='ocrx_word' id='word_1_314' title='bbox 474 3181 545 3233; x_wconf 79' lang='lat' dir='ltr'>ttssc</span> <span class='ocrx_word' id='word_1_315' title='bbox 556 3182 648 3262; x_wconf 79' lang='lat' dir='ltr'>iprum</span> <span class='ocrx_word' id='word_1_316' title='bbox 660 3198 767 3233; x_wconf 88' lang='lat' dir='ltr'>erwar·</span> <span class='ocrx_word' id='word_1_317' title='bbox 817 3180 940 3232; x_wconf 86' lang='lat' dir='ltr'>breitete</span> <span class='ocrx_word' id='word_1_318' title='bbox 951 3180 1121 3246; x_wconf 82' lang='lat' dir='ltr'>Helliglreit3</span> <span class='ocrx_word' id='word_1_319' title='bbox 1140 3178 1170 3227; x_wconf 83' lang='lat' dir='ltr'>in</span> <span class='ocrx_word' id='word_1_320' title='bbox 1186 3177 1246 3227; x_wconf 85' lang='lat' dir='ltr'>luce</span> <span class='ocrx_word' id='word_1_321' title='bbox 1263 3178 1348 3229; x_wconf 80' lang='lat' dir='ltr'>Asiae</span> 
     </span>
     <span class='ocr_line' id='line_1_35' title="bbox 237 3244 1388 3313; baseline -0.005 -14"><span class='ocrx_word' id='word_1_322' title='bbox 237 3248 769 3313; x_wconf 83' lang='lat' dir='ltr'>ten,alleinCicerobezrehtdesPro·</span> <span class='ocrx_word' id='word_1_323' title='bbox 818 3248 858 3300; x_wconf 86' lang='lat' dir='ltr'>ist</span> <span class='ocrx_word' id='word_1_324' title='bbox 874 3247 947 3299; x_wconf 84' lang='lat' dir='ltr'>also:</span> <span class='ocrx_word' id='word_1_325' title='bbox 972 3247 1001 3298; x_wconf 89' lang='lat' dir='ltr'>in</span> <span class='ocrx_word' id='word_1_326' title='bbox 1019 3248 1081 3299; x_wconf 88' lang='lat' dir='ltr'>dem</span> <span class='ocrx_word' id='word_1_327' title='bbox 1097 3244 1209 3309; x_wconf 74' lang='lat' dir='ltr'>niente,</span> <span class='ocrx_word' id='word_1_328' title='bbox 1233 3244 1263 3295; x_wconf 91' lang='lat' dir='ltr'>in</span> <span class='ocrx_word' id='word_1_329' title='bbox 1284 3245 1347 3297; x_wconf 91' lang='lat' dir='ltr'>dem</span> <span class='ocrx_word' id='word_1_330' title='bbox 1385 3288 1388 3293; x_wconf 93' lang='lat'>.</span> 
     </span>
     <span class='ocr_line' id='line_1_36' title="bbox 240 3312 1346 3385; baseline -0.001 -19"><span class='ocrx_word' id='word_1_331' title='bbox 240 3316 766 3385; x_wconf 74' lang='lat' dir='ltr'>nomimmergernaufdasSnb&#39;ect·</span> <span class='ocrx_word' id='word_1_332' title='bbox 819 3315 927 3368; x_wconf 81' lang='lat' dir='ltr'>Glunze</span> <span class='ocrx_word' id='word_1_333' title='bbox 963 3314 1047 3381; x_wconf 83' lang='lat' dir='ltr'>(weil</span> <span class='ocrx_word' id='word_1_334' title='bbox 1082 3330 1116 3366; x_wconf 85' lang='lat' dir='ltr'>an</span> <span class='ocrx_word' id='word_1_335' title='bbox 1151 3313 1201 3364; x_wconf 86' lang='lat' dir='ltr'>der</span> <span class='ocrx_word' id='word_1_336' title='bbox 1230 3312 1346 3382; x_wconf 83' lang='lat' dir='ltr'>Spitze)</span> 
     </span>
     <span class='ocr_line' id='line_1_37' title="bbox 239 3332 1347 3451; baseline 0 -17"><span class='ocrx_word' id='word_1_337' title='bbox 239 3413 267 3421; x_wconf 83' lang='lat'>-</span> <span class='ocrx_word' id='word_1_338' title='bbox 282 3384 342 3435; x_wconf 85' lang='lat' dir='ltr'>sine</span> <span class='ocrx_word' id='word_1_339' title='bbox 354 3384 450 3451; x_wconf 65' lang='lat' dir='ltr'>doctu]</span> <span class='ocrx_word' id='word_1_340' title='bbox 466 3385 524 3436; x_wconf 90' lang='lat' dir='ltr'>Der</span> <span class='ocrx_word' id='word_1_341' title='bbox 536 3384 607 3435; x_wconf 83' lang='lat' dir='ltr'>Sino</span> <span class='ocrx_word' id='word_1_342' title='bbox 620 3382 673 3435; x_wconf 88' lang='lat' dir='ltr'>ist:</span> <span class='ocrx_word' id='word_1_343' title='bbox 690 3332 768 3435; x_wconf 80' lang='lat' dir='ltr'>rluch</span> <span class='ocrx_word' id='word_1_344' title='bbox 819 3382 928 3435; x_wconf 81' lang='lat' dir='ltr'>Asiens.</span> <span class='ocrx_word' id='word_1_345' title='bbox 966 3382 1023 3434; x_wconf 74' lang='lat' dir='ltr'>ufir</span> <span class='ocrx_word' id='word_1_346' title='bbox 1040 3381 1086 3434; x_wconf 90' lang='lat' dir='ltr'>die</span> <span class='ocrx_word' id='word_1_347' title='bbox 1103 3380 1272 3447; x_wconf 82' lang='lat' dir='ltr'>Bedeutung</span> <span class='ocrx_word' id='word_1_348' title='bbox 1292 3397 1347 3434; x_wconf 89' lang='lat' dir='ltr'>von</span> 
     </span>
     <span class='ocr_line' id='line_1_38' title="bbox 240 3448 1347 3519; baseline -0.002 -18"><span class='ocrx_word' id='word_1_349' title='bbox 240 3452 308 3503; x_wconf 89' lang='lat' dir='ltr'>ohne</span> <span class='ocrx_word' id='word_1_350' title='bbox 322 3451 445 3519; x_wconf 84' lang='lat' dir='ltr'>Bildnng</span> <span class='ocrx_word' id='word_1_351' title='bbox 462 3452 622 3504; x_wconf 71' lang='lat' dir='ltr'>wirestDu</span> <span class='ocrx_word' id='word_1_352' title='bbox 639 3468 694 3503; x_wconf 81' lang='lat' dir='ltr'>von</span> <span class='ocrx_word' id='word_1_353' title='bbox 708 3452 768 3503; x_wconf 84' lang='lat' dir='ltr'>Na·</span> <span class='ocrx_word' id='word_1_354' title='bbox 819 3453 869 3504; x_wconf 80' lang='lat' dir='ltr'>luc</span> <span class='ocrx_word' id='word_1_355' title='bbox 890 3449 948 3517; x_wconf 83' lang='lat' dir='ltr'>vgl.</span> <span class='ocrx_word' id='word_1_356' title='bbox 964 3450 1043 3503; x_wconf 72' lang='lat' dir='ltr'>Fam,</span> <span class='ocrx_word' id='word_1_357' title='bbox 1059 3450 1097 3502; x_wconf 89' lang='lat' dir='ltr'>ll.</span> <span class='ocrx_word' id='word_1_358' title='bbox 1115 3452 1160 3515; x_wconf 79' lang='lat'>12,</span> <span class='ocrx_word' id='word_1_359' title='bbox 1184 3465 1228 3501; x_wconf 85' lang='lat' dir='ltr'>wo</span> <span class='ocrx_word' id='word_1_360' title='bbox 1245 3448 1347 3500; x_wconf 84' lang='lat' dir='ltr'>Cicero</span> 
     </span>
     <span class='ocr_line' id='line_1_39' title="bbox 239 3515 1345 3586; baseline -0.004 -16"><span class='ocrx_word' id='word_1_361' title='bbox 239 3530 285 3570; x_wconf 87' lang='lat' dir='ltr'>tur</span> <span class='ocrx_word' id='word_1_362' title='bbox 298 3518 333 3570; x_wconf 91' lang='lat' dir='ltr'>im</span> <span class='ocrx_word' id='word_1_363' title='bbox 347 3520 453 3571; x_wconf 85' lang='lat' dir='ltr'>Stande</span> <span class='ocrx_word' id='word_1_364' title='bbox 465 3537 608 3586; x_wconf 67' lang='lat' dir='ltr'>gewesem</span> <span class='ocrx_word' id='word_1_365' title='bbox 626 3520 720 3571; x_wconf 83' lang='lat' dir='ltr'>Maesa</span> <span class='ocrx_word' id='word_1_366' title='bbox 733 3536 769 3570; x_wconf 82' lang='lat' dir='ltr'>zu</span> <span class='ocrx_word' id='word_1_367' title='bbox 819 3536 869 3579; x_wconf 80' lang='lat' dir='ltr'>uns</span> <span class='ocrx_word' id='word_1_368' title='bbox 887 3518 1007 3570; x_wconf 85' lang='lat' dir='ltr'>Cilicien</span> <span class='ocrx_word' id='word_1_369' title='bbox 1024 3535 1059 3569; x_wconf 85' lang='lat' dir='ltr'>an</span> <span class='ocrx_word' id='word_1_370' title='bbox 1077 3516 1191 3569; x_wconf 82' lang='lat' dir='ltr'>Coelius</span> <span class='ocrx_word' id='word_1_371' title='bbox 1208 3515 1345 3569; x_wconf 81' lang='lat' dir='ltr'>schreibt:</span> 
     </span>
     <span class='ocr_line' id='line_1_40' title="bbox 141 3584 1347 3657; baseline -0.002 -21"><span class='ocrx_word' id='word_1_372' title='bbox 141 3650 144 3657; x_wconf 22' lang='grc' dir='ltr'>ἱ</span> <span class='ocrx_word' id='word_1_373' title='bbox 239 3586 342 3638; x_wconf 80' lang='lat' dir='ltr'>hulten.</span> <span class='ocrx_word' id='word_1_374' title='bbox 353 3614 386 3622; x_wconf 85' lang='lat'><em>—</em></span> <span class='ocrx_word' id='word_1_375' title='bbox 395 3588 456 3650; x_wconf 81' lang='lat' dir='ltr'>erit,</span> <span class='ocrx_word' id='word_1_376' title='bbox 465 3590 552 3647; x_wconf 83' lang='lat' dir='ltr'>eredo,</span> <span class='ocrx_word' id='word_1_377' title='bbox 561 3586 601 3654; x_wconf 88' lang='lat' dir='ltr'>p.]</span> <span class='ocrx_word' id='word_1_378' title='bbox 613 3587 670 3639; x_wconf 89' lang='lat' dir='ltr'>Der</span> <span class='ocrx_word' id='word_1_379' title='bbox 680 3604 768 3654; x_wconf 79' lang='lat' dir='ltr'>ganne</span> <span class='ocrx_word' id='word_1_380' title='bbox 823 3588 931 3652; x_wconf 86' lang='lat' dir='ltr'>Urbem,</span> <span class='ocrx_word' id='word_1_381' title='bbox 944 3589 1051 3653; x_wconf 81' lang='lat' dir='ltr'>urbem,</span> <span class='ocrx_word' id='word_1_382' title='bbox 1064 3586 1101 3638; x_wconf 77' lang='lat' dir='ltr'>mi</span> <span class='ocrx_word' id='word_1_383' title='bbox 1113 3586 1195 3650; x_wconf 72' lang='lat' dir='ltr'>Rufe,</span> <span class='ocrx_word' id='word_1_384' title='bbox 1207 3585 1264 3635; x_wconf 87' lang='lat' dir='ltr'>cole</span> <span class='ocrx_word' id='word_1_385' title='bbox 1275 3590 1301 3635; x_wconf 90' lang='lat' dir='ltr'>et</span> <span class='ocrx_word' id='word_1_386' title='bbox 1312 3584 1347 3635; x_wconf 80' lang='lat' dir='ltr'>in</span> 
     </span>
     <span class='ocr_line' id='line_1_41' title="bbox 240 3652 1348 3722; baseline -0.002 -17"><span class='ocrx_word' id='word_1_387' title='bbox 240 3653 502 3707; x_wconf 85' lang='lat' dir='ltr'>Satzistironisch.</span> <span class='ocrx_word' id='word_1_388' title='bbox 527 3655 769 3722; x_wconf 80' lang='lat' dir='ltr'>Zucredovgl.z.</span> <span class='ocrx_word' id='word_1_389' title='bbox 819 3655 1055 3707; x_wconf 81' lang='lat' dir='ltr'>ietaluceoioe.</span> <span class='ocrx_word' id='word_1_390' title='bbox 1080 3652 1175 3704; x_wconf 78' lang='lat' dir='ltr'>Omnia</span> <span class='ocrx_word' id='word_1_391' title='bbox 1186 3652 1348 3719; x_wconf 80' lang='lat' dir='ltr'>perepre&#39;na·</span> 
     </span>
     <span class='ocr_line' id='line_1_42' title="bbox 238 3720 1349 3790; baseline -0.001 -19"><span class='ocrx_word' id='word_1_392' title='bbox 238 3722 259 3773; x_wconf 88' lang='lat'>1.</span> <span class='ocrx_word' id='word_1_393' title='bbox 272 3726 311 3774; x_wconf 80' lang='lat'>12.</span> <span class='ocrx_word' id='word_1_394' title='bbox 322 3726 347 3773; x_wconf 86' lang='lat'>3.</span> <span class='ocrx_word' id='word_1_395' title='bbox 359 3749 392 3759; x_wconf 90' lang='lat'>—-</span> <span class='ocrx_word' id='word_1_396' title='bbox 403 3723 556 3789; x_wconf 81' lang='lat' dir='ltr'>periculum</span> <span class='ocrx_word' id='word_1_397' title='bbox 568 3722 617 3787; x_wconf 85' lang='lat' dir='ltr'>ne]</span> <span class='ocrx_word' id='word_1_398' title='bbox 632 3721 769 3790; x_wconf 82' lang='lat' dir='ltr'>Aulpert‘·</span> <span class='ocrx_word' id='word_1_399' title='bbox 820 3724 858 3776; x_wconf 85' lang='lat' dir='ltr'>tio</span> <span class='ocrx_word' id='word_1_400' title='bbox 868 3725 1009 3775; x_wconf 80' lang='lat' dir='ltr'>obscuro</span> <span class='ocrx_word' id='word_1_401' title='bbox 1019 3720 1169 3774; x_wconf 80' lang='lat' dir='ltr'>etcordida</span> <span class='ocrx_word' id='word_1_402' title='bbox 1178 3726 1219 3771; x_wconf 81' lang='lat' dir='ltr'>cet</span> <span class='ocrx_word' id='word_1_403' title='bbox 1228 3720 1273 3785; x_wconf 76' lang='lat' dir='ltr'>tte,</span> <span class='ocrx_word' id='word_1_404' title='bbox 1282 3737 1349 3786; x_wconf 80' lang='lat' dir='ltr'>quo-</span> 
     </span>
     <span class='ocr_line' id='line_1_43' title="bbox 239 3787 1348 3907; baseline 0 -68"><span class='ocrx_word' id='word_1_405' title='bbox 239 3790 331 3840; x_wconf 84' lang='lat' dir='ltr'>eulum</span> <span class='ocrx_word' id='word_1_406' title='bbox 343 3796 383 3841; x_wconf 84' lang='lat' dir='ltr'>cet</span> <span class='ocrx_word' id='word_1_407' title='bbox 393 3790 466 3857; x_wconf 86' lang='lat' dir='ltr'>folgt</span> <span class='ocrx_word' id='word_1_408' title='bbox 475 3790 520 3841; x_wconf 89' lang='lat' dir='ltr'>nie</span> <span class='ocrx_word' id='word_1_409' title='bbox 531 3796 570 3854; x_wconf 88' lang='lat' dir='ltr'>ut,</span> <span class='ocrx_word' id='word_1_410' title='bbox 584 3790 705 3841; x_wconf 85' lang='lat' dir='ltr'>sondern</span> <span class='ocrx_word' id='word_1_411' title='bbox 716 3790 769 3842; x_wconf 86' lang='lat' dir='ltr'>im·</span> <span class='ocrx_word' id='word_1_412' title='bbox 820 3810 882 3843; x_wconf 84' lang='lat' dir='ltr'>rum</span> <span class='ocrx_word' id='word_1_413' title='bbox 894 3791 1036 3843; x_wconf 82' lang='lat' dir='ltr'>industria</span> <span class='ocrx_word' id='word_1_414' title='bbox 1049 3790 1152 3840; x_wconf 85' lang='lat' dir='ltr'>Romae</span> <span class='ocrx_word' id='word_1_415' title='bbox 1162 3794 1254 3907; x_wconf 48' lang='lat' dir='ltr'>{otest</span> <span class='ocrx_word' id='word_1_416' title='bbox 1270 3787 1348 3839; x_wconf 78' lang='lat' dir='ltr'>ittu-</span> 
     </span>
     <span class='ocr_line' id='line_1_44' title="bbox 241 3854 1350 3921; baseline -0.002 -14"><span class='ocrx_word' id='word_1_417' title='bbox 241 3874 297 3908; x_wconf 89' lang='lat' dir='ltr'>mer</span> <span class='ocrx_word' id='word_1_418' title='bbox 311 3873 358 3921; x_wconf 83' lang='lat' dir='ltr'>ne,</span> <span class='ocrx_word' id='word_1_419' title='bbox 375 3858 439 3910; x_wconf 83' lang='lat' dir='ltr'>weil</span> <span class='ocrx_word' id='word_1_420' title='bbox 450 3858 499 3909; x_wconf 87' lang='lat' dir='ltr'>der</span> <span class='ocrx_word' id='word_1_421' title='bbox 510 3859 578 3909; x_wconf 77' lang='lat' dir='ltr'>salz</span> <span class='ocrx_word' id='word_1_422' title='bbox 593 3866 680 3910; x_wconf 88' lang='lat' dir='ltr'>etwas</span> <span class='ocrx_word' id='word_1_423' title='bbox 692 3856 770 3909; x_wconf 86' lang='lat' dir='ltr'>nicht</span> <span class='ocrx_word' id='word_1_424' title='bbox 820 3860 905 3911; x_wconf 81' lang='lat' dir='ltr'>strio</span> <span class='ocrx_word' id='word_1_425' title='bbox 917 3876 985 3909; x_wconf 72' lang='lat' dir='ltr'>eece,</span> <span class='ocrx_word' id='word_1_426' title='bbox 1018 3857 1132 3908; x_wconf 83' lang='lat' dir='ltr'>llluetre</span> <span class='ocrx_word' id='word_1_427' title='bbox 1149 3872 1165 3906; x_wconf 85' lang='lat' dir='ltr'>a</span> <span class='ocrx_word' id='word_1_428' title='bbox 1186 3873 1217 3907; x_wconf 89' lang='lat' dir='ltr'>er</span> <span class='ocrx_word' id='word_1_429' title='bbox 1235 3854 1273 3905; x_wconf 88' lang='lat' dir='ltr'>ist</span> <span class='ocrx_word' id='word_1_430' title='bbox 1284 3854 1350 3905; x_wconf 82' lang='lat' dir='ltr'>des·</span> 
     </span>
     <span class='ocr_line' id='line_1_45' title="bbox 241 3920 1349 3995; baseline -0.001 -20"><span class='ocrx_word' id='word_1_431' title='bbox 241 3923 443 3977; x_wconf 85' lang='lat' dir='ltr'>Gewiinschtes</span> <span class='ocrx_word' id='word_1_432' title='bbox 457 3925 577 3989; x_wconf 79' lang='lat' dir='ltr'>enthillt3</span> <span class='ocrx_word' id='word_1_433' title='bbox 591 3926 641 3978; x_wconf 80' lang='lat' dir='ltr'>des</span> <span class='ocrx_word' id='word_1_434' title='bbox 654 3926 769 3994; x_wconf 79' lang='lat' dir='ltr'>compri-</span> <span class='ocrx_word' id='word_1_435' title='bbox 816 3928 927 3995; x_wconf 85' lang='lat' dir='ltr'>jenige,</span> <span class='ocrx_word' id='word_1_436' title='bbox 940 3927 1000 3978; x_wconf 88' lang='lat' dir='ltr'>dem</span> <span class='ocrx_word' id='word_1_437' title='bbox 1013 3942 1067 3976; x_wconf 82' lang='lat' dir='ltr'>von</span> <span class='ocrx_word' id='word_1_438' title='bbox 1077 3924 1186 3977; x_wconf 80' lang='lat' dir='ltr'>Anssen</span> <span class='ocrx_word' id='word_1_439' title='bbox 1196 3920 1349 3974; x_wconf 84' lang='lat' dir='ltr'>Lichtfiille</span> 
     </span>
     <span class='ocr_line' id='line_1_46' title="bbox 240 3988 1349 4126; baseline 0.001 -85"><span class='ocrx_word' id='word_1_440' title='bbox 240 4009 311 4071; x_wconf 64' lang='lat' dir='ltr'>mere</span> <span class='ocrx_word' id='word_1_441' title='bbox 333 4008 390 4112; x_wconf 50' lang='lat' dir='ltr'>elrlrgn</span> <span class='ocrx_word' id='word_1_442' title='bbox 410 4010 491 4060; x_wconf 81' lang='lat' dir='ltr'>posce</span> <span class='ocrx_word' id='word_1_443' title='bbox 514 3994 586 4047; x_wconf 87' lang='lat' dir='ltr'>wird</span> <span class='ocrx_word' id='word_1_444' title='bbox 615 3993 692 4046; x_wconf 86' lang='lat' dir='ltr'>nieht</span> <span class='ocrx_word' id='word_1_445' title='bbox 719 4011 768 4060; x_wconf 83' lang='lat' dir='ltr'>ge·</span> <span class='ocrx_word' id='word_1_446' title='bbox 818 3988 1349 4126; x_wconf 45' lang='lat' dir='ltr'>⁰¹¹4fflss²1k⁰m3⁰lbw³⁸ll⁸⁰⁵lle</span> 
     </span>
     <span class='ocr_line' id='line_1_47' title="bbox 242 4074 1335 4115; baseline 0 -6"><span class='ocrx_word' id='word_1_447' title='bbox 242 4076 336 4111; x_wconf 84' lang='lat' dir='ltr'>wurrsc</span> <span class='ocrx_word' id='word_1_448' title='bbox 370 4096 376 4109; x_wconf 88' lang='lat'><strong><em>.</em></strong></span> <span class='ocrx_word' id='word_1_449' title='bbox 818 4079 911 4114; x_wconf 84' lang='lat' dir='ltr'>cers.</span> <span class='ocrx_word' id='word_1_450' title='bbox 993 4078 1038 4115; x_wconf 73' lang='lat' dir='ltr'>..n</span> <span class='ocrx_word' id='word_1_451' title='bbox 1117 4074 1282 4111; x_wconf 75' lang='lat' dir='ltr'>.-eenere</span> <span class='ocrx_word' id='word_1_452' title='bbox 1301 4076 1335 4111; x_wconf 82' lang='lat' dir='ltr'>ue</span> 
     </span>
     <span class='ocr_line' id='line_1_48' title="bbox 235 4078 1348 4196; baseline 0.003 -20"><span class='ocrx_word' id='word_1_453' title='bbox 235 4124 238 4133; x_wconf 81' lang='grc'><strong>’</strong></span> <span class='ocrx_word' id='word_1_454' title='bbox 275 4130 299 4178; x_wconf 90' lang='grc'>8.</span> <span class='ocrx_word' id='word_1_455' title='bbox 323 4127 443 4177; x_wconf 82' lang='lat' dir='ltr'>conditio</span> <span class='ocrx_word' id='word_1_456' title='bbox 465 4129 614 4195; x_wconf 82' lang='lat' dir='ltr'>pecuniae]</span> <span class='ocrx_word' id='word_1_457' title='bbox 639 4130 769 4196; x_wconf 77' lang='lat' dir='ltr'>Gelepen-</span> <span class='ocrx_word' id='word_1_458' title='bbox 820 4131 886 4183; x_wconf 85' lang='lat' dir='ltr'>Man</span> <span class='ocrx_word' id='word_1_459' title='bbox 911 4078 997 4194; x_wconf 68' lang='lat' dir='ltr'>siehgt,</span> <span class='ocrx_word' id='word_1_460' title='bbox 1027 4129 1072 4181; x_wconf 91' lang='lat' dir='ltr'>die</span> <span class='ocrx_word' id='word_1_461' title='bbox 1096 4124 1269 4181; x_wconf 82' lang='lat' dir='ltr'>Amtareisen</span> <span class='ocrx_word' id='word_1_462' title='bbox 1297 4126 1348 4179; x_wconf 88' lang='lat' dir='ltr'>der</span> 
     </span>
     <span class='ocr_line' id='line_1_49' title="bbox 242 4192 1347 4251; baseline 0.003 -7"><span class='ocrx_word' id='word_1_463' title='bbox 242 4194 299 4245; x_wconf 76' lang='lat' dir='ltr'>lecit</span> <span class='ocrx_word' id='word_1_464' title='bbox 311 4194 380 4245; x_wconf 81' lang='lat' dir='ltr'>Geld</span> <span class='ocrx_word' id='word_1_465' title='bbox 391 4213 428 4246; x_wconf 82' lang='lat' dir='ltr'>zu</span> <span class='ocrx_word' id='word_1_466' title='bbox 440 4197 561 4249; x_wconf 78' lang='lat' dir='ltr'>macheu.</span> <span class='ocrx_word' id='word_1_467' title='bbox 754 4215 760 4225; x_wconf 83' lang='lat'><em>·</em></span> <span class='ocrx_word' id='word_1_468' title='bbox 820 4197 990 4251; x_wconf 82' lang='lat' dir='ltr'>Stetthalter</span> <span class='ocrx_word' id='word_1_469' title='bbox 1007 4214 1103 4250; x_wconf 73' lang='lat' dir='ltr'>waren</span> <span class='ocrx_word' id='word_1_470' title='bbox 1120 4197 1171 4249; x_wconf 90' lang='lat' dir='ltr'>der</span> <span class='ocrx_word' id='word_1_471' title='bbox 1187 4192 1347 4247; x_wconf 81' lang='lat' dir='ltr'>Sobreclren</span> 
     </span>
     <span class='ocr_line' id='line_1_50' title="bbox 276 4261 1350 4337; baseline 0 -19"><span class='ocrx_word' id='word_1_472' title='bbox 276 4266 301 4318; x_wconf 82' lang='grc'>9,</span> <span class='ocrx_word' id='word_1_473' title='bbox 319 4261 350 4313; x_wconf 77' lang='lat' dir='ltr'>in</span> <span class='ocrx_word' id='word_1_474' title='bbox 367 4263 426 4317; x_wconf 86' lang='lat' dir='ltr'>luce</span> <span class='ocrx_word' id='word_1_475' title='bbox 442 4262 542 4331; x_wconf 80' lang='lat' dir='ltr'>Asine]</span> <span class='ocrx_word' id='word_1_476' title='bbox 561 4264 625 4333; x_wconf 82' lang='lat' dir='ltr'>Vgl.</span> <span class='ocrx_word' id='word_1_477' title='bbox 643 4265 685 4318; x_wconf 84' lang='lat' dir='ltr'>De</span> <span class='ocrx_word' id='word_1_478' title='bbox 701 4265 768 4337; x_wconf 90' lang='lat' dir='ltr'>imp.</span> <span class='ocrx_word' id='word_1_479' title='bbox 820 4265 872 4321; x_wconf 88' lang='lat' dir='ltr'>der</span> <span class='ocrx_word' id='word_1_480' title='bbox 880 4265 1088 4319; x_wconf 78' lang='lat' dir='ltr'>Prorinzielen.</span> <span class='ocrx_word' id='word_1_481' title='bbox 1107 4263 1166 4317; x_wconf 82' lang='lat' dir='ltr'>Cic.</span> <span class='ocrx_word' id='word_1_482' title='bbox 1177 4262 1212 4318; x_wconf 88' lang='lat' dir='ltr'>de</span> <span class='ocrx_word' id='word_1_483' title='bbox 1221 4261 1287 4335; x_wconf 85' lang='lat' dir='ltr'>imp.</span> <span class='ocrx_word' id='word_1_484' title='bbox 1296 4263 1350 4318; x_wconf 84' lang='lat' dir='ltr'>Cn.</span> 
     </span>
    </p>
   </div>
   <div class='ocr_carea' id='block_1_4' title="bbox 0 0 1508 4650">
    <p class='ocr_par' dir='ltr' id='par_1_4' title="bbox 0 0 1508 4650">
     <span class='ocr_line' id='line_1_51' title="bbox 0 0 1508 4650; baseline 0 0"><span class='ocrx_word' id='word_1_485' title='bbox 0 0 1508 4650; x_wconf 95' lang='lat' dir='ltr'> </span> 
     </span>
    </p>
   </div>
  </div>
 </body>
</html>
