3000 4650
639 193 809 254 TERENTIA.
1235 190 1278 258 23

165 357 208 422 Oe
222 359 540 432 hereditatePreoiana,
552 379 627 441 quae
641 361 760 441 quidem
775 359 847 423 mihi
860 377 968 440 magno
985 359 1080 423 dolori
1095 361 1275 426 est—valde
1297 366 1317 430 2

166 446 243 508 enim
259 443 342 507 illum
358 447 451 508 amavi
471 480 524 516 -‚
542 448 593 508 sed
610 446 668 508 hoe
691 445 778 509 velim
799 465 897 510 onres:
923 449 948 509 si
972 449 1069 508 auctio
1090 454 1158 510 ante
1179 465 1278 512 meum

165 530 319 592 adventurn
335 531 393 603 iret,
410 537 442 592 ut
456 531 637 610 Pomponius
652 537 710 602 aut,
732 533 757 593 si
772 533 796 593 is
811 533 907 593 minns
925 533 1041 611 poterit,
1060 532 1198 594 Camillus
1223 551 1277 595 no·

164 623 258 676 strum
274 619 422 695 negotium
439 624 538 686 euret;
561 633 699 678 noscam
722 615 793 678 salvi
813 617 996 688 venerimus,
1018 617 1130 697 reliqua
1149 636 1203 699 per
1222 636 1277 678 nos

165 717 294 780 agemus.
333 700 383 762 Sin
398 708 430 762 tu
450 702 509 761 iam
526 702 622 762 Roma
643 701 775 781 prolecta
796 702 868 772 eris,
892 708 989 763 tamen
1009 701 1140 772 curabis,
1165 709 1197 765 ut
1219 703 1277 764 hoo

164 786 203 845 ita
218 785 276 846 tiat.
294 784 362 855 Nos,
371 787 395 847 si
402 785 443 846 dii
456 785 642 857 adiuvabant,
658 785 1163 848 eiroiterldusNovembresinltalia
1174 805 1276 866 spera·

163 887 230 930 mus
250 871 323 931 iore.
367 869 438 938 Vos,
461 888 525 931 mea
550 871 720 933 suavissima
742 878 772 932 et
784 863 977 950 ‘optatissima
999 870 1151 941 Terentia,
1177 873 1202 932 si
1222 891 1276 933 nos

164 955 281 1100 anapia
305 962 406 1018 curate
427 962 460 1016 ut
480 954 607 1018 valeatis.
646 954 725 1017 Vale.
762 955 884 1018 Athenis
903 975 928 1019 a.
944 956 973 1018 d.
987 977 1039 1021 xv.
1054 955 1201 1019 Kalendas
1215 957 1275 1018 No·

163 1057 227 1101 vem
250 1057 308 1102 res.

589 1205 770 1274 Earsaoen
784 1207 846 1271 VI.

231 1329 367 1389 TULLIUS
382 1329 565 1389 TERENTIAE
580 1329 669 1390 SUAE
678 1332 721 1390 ET
734 1331 843 1390 PATER
858 1329 1071 1390 SUAVISSIIIAE
1084 1331 1201 1396 TILIAE.

441 1415 556 1473 CICERO
570 1416 674 1475 MATRI
688 1418 730 1474 ET
746 1417 865 1475 SORORI
880 1416 906 1474 S.
922 1418 952 1473 R.
966 1415 995 1472 P.

248 1547 497 1611 Considerandum
508 1547 592 1610 vobis
604 1549 691 1610 etiam
707 1557 796 1630 atque
809 1549 905 1617 etiam,
920 1548 1034 1609 animae
1045 1566 1137 1618 meae,
1150 1546 1272 1628 diligen·
1297 1549 1312 1606 1

161 1639 209 1694 ter
224 1639 306 1713 puto,
322 1631 392 1710 quid
408 1633 527 1702 laniatis,
539 1633 690 1696 Romaene
704 1634 768 1695 sitis
782 1651 818 1694 an
836 1650 953 1694 mecum
968 1633 998 1692 in
1010 1632 1108 1712 aliquo
1121 1639 1185 1693 tuto
1196 1632 1274 1694 looo.

161 1717 193 1778 ld
212 1734 271 1778 non
288 1716 382 1778 solum
395 1734 493 1778 meum
509 1718 663 1780 eonsilium
677 1724 729 1788 est,
747 1719 799 1779 sed
811 1719 898 1779 etiam
910 1726 1050 1778 restrum.
1073 1717 1144 1778 Mihi
1157 1719 1276 1778 veniunt

160 1804 191 1861 in
212 1809 350 1864 mentem
363 1803 452 1864 haee:
468 1803 579 1864 Romae
593 1821 645 1864 vos
660 1821 724 1865 esse
741 1808 805 1864 tuto
820 1821 909 1881 posse
923 1820 977 1882 per
990 1801 1179 1872 Dolabellam,
1196 1819 1275 1863 oam-

161 1906 219 1967 que
242 1905 307 1948 rem
328 1903 415 1964 posse
431 1886 518 1948 nohis
539 1888 707 1950 adiumento
730 1905 810 1957 esse,
837 1888 862 1948 si
882 1906 957 1967 qnae
973 1889 1015 1948 vis
1031 1895 1082 1948 aut
1095 1889 1121 1949 si
1136 1905 1211 1966 quae
1228 1905 1275 1948 ra·

161 1974 247 2048 pinae
262 1972 327 2032 lieri
340 1973 502 2051 coeperint.
522 1972 581 2034 Sed
595 1991 700 2035 rursus
714 1971 788 2034 illud
802 1991 850 2033 me
865 1979 970 2042 movet,
987 1972 1158 2052 quodvideo
1173 1988 1276 2035 omnes

161 2055 257 2118 bonos
281 2055 385 2118 abesse
408 2057 501 2117 Roma
527 2064 555 2118 et
582 2076 634 2118 eos
659 2056 801 2118 mulieres
824 2075 893 2118 suas
915 2075 1017 2118 seeum
1036 2056 1157 2118 habere.
1195 2055 1275 2118 Haeo

160 2146 258 2202 autem
274 2142 364 2219 regio,
381 2142 410 2202 in
429 2157 486 2219 qua
504 2159 560 2220 ego
575 2160 649 2212 sum,
666 2148 838 2204 nostrorum
855 2148 899 2202 est
916 2160 985 2202 eum
1000 2141 1186 2221 oppidorum,
1209 2147 1272 2201 tum
1382 2151 1386 2159 “

161 2225 248 2286 etiam
268 2224 475 2306 praediorum,
501 2233 533 2286 ut
557 2233 587 2288 et
611 2226 736 2289 multum
752 2244 817 2288 esse
834 2245 951 2288 meeum
973 2232 1017 2295 et,
1044 2242 1111 2286 cum
1132 2225 1271 2295 abieritis,

161 2311 315 2373 commode
337 2318 366 2374 et
379 2312 410 2372 in
426 2311 535 2373 nostris
553 2330 617 2375 esse
631 2312 758 2392 possitis.
797 2311 868 2373 Mihi
883 2311 971 2391 plane
986 2329 1046 2371 non
1069 2311 1139 2373 satis
1160 2316 1272 2372 oonstat
1295 2302 1313 2363 2

160 2496 221 2547 dem
236 2494 420 2562 Conjunctiv‚
438 2494 494 2550 wie
510 2495 690 2563 quadratam,
742 2512 805 2548 nem
822 2494 915 2549 Solane
932 2494 961 2546 in
979 2494 1152 2564 Campaaien
1169 2492 1276 2547 weilte.

160 2562 300 2615 eooieliela
313 2562 400 2617 eomas.
741 2564 820 2631 (Vgl.
841 2562 919 2618 EInl.
939 2580 964 2615 a.
985 2563 1012 2614 J.
1033 2564 1106 2629 toa.)
1137 2560 1275 2615 Terentia

193 2634 220 2682 2.
237 2629 280 2682 De
294 2668 300 2683 .
314 2669 320 2681 .
335 2629 484 2697 Preciana]
500 2631 558 2684 Der
569 2630 689 2684 Rechts·
742 2632 800 2683 und
812 2630 909 2684 Tullia
924 2629 1067 2683 befanden
1084 2628 1145 2682 siah
1161 2628 1232 2681 noch
1244 2628 1273 2680 in

159 2696 285 2765 gelehrte
295 2696 450 2751 Precianus
459 2697 536 2751 hatte
546 2698 647 2751 Cicero
661 2698 690 2750 in
741 2699 812 2752 Rom
826 2698 881 2751 and
894 2698 997 2750 Cicero
1009 2715 1069 2750 war
1080 2695 1274 2755 nnentselrlos-

159 2766 264 2818 seinem
281 2767 462 2818 Testamenta
482 2766 611 2820 bedaoht.
640 2765 692 2819 Bei
742 2782 807 2829 sen,
832 2766 867 2818 ob
889 2782 920 2818 er
940 2765 982 2817 sie
1003 2765 1070 2818 dart
1089 2764 1183 2817 lesden
1206 2764 1274 2817 oder

160 2834 214 2886 den
228 2833 348 2886 Rdmern
366 2850 425 2885 war
443 2850 472 2885 es
489 2834 576 2897 state,
589 2833 692 2887 keinen
743 2832 815 2885 neela
835 2833 897 2885 dem
918 2832 1013 2886 deen
1034 2833 1160 2884 kommen
1180 2832 1272 2884 Iessea

161 2917 214 2952 von
225 2901 325 2965 denen,
336 2900 387 2953 mit
396 2901 486 2953 denen
497 2918 557 2953 man
568 2901 596 2954 in
607 2900 692 2953 nihe-
741 2900 836 2953 sollte.

160 2986 206 3020 rer
219 2968 407 3035 Verbindang
423 2968 522 3033 stand,
540 2968 576 3020 im
589 2970 692 3022 Teste·
777 2972 800 3019 1.
819 2984 909 3020 meam
925 2965 1088 3033 consiliam]
1105 2966 1193 3017 Saede
1209 2966 1273 3017 mei-

160 3041 252 3088 mente
269 3052 304 3087 zu
322 3032 490 3102 aibergehan.
507 3064 541 3073 -
558 3038 606 3087 sed
622 3034 689 3104 doe]
741 3052 792 3087 aer
811 3035 1007 3101 Uederlepanp.
1025 3062 1057 3070 -
1074 3050 1132 3086 ease
1148 3033 1225 3101 tato]
1244 3034 1273 3086 S.

159 3102 239 3155 Neela
262 3102 508 3155 Zwisehensitzen
536 3103 617 3156 dient
644 3106 691 3155 aed
741 3099 1097 3169 z.4.3..-Doladettam]
1116 3101 1273 3166 Dolabella,

159 3188 210 3223 zur
227 3170 493 3223 Wiederaufnalrme
511 3170 559 3225 des
575 3172 690 3225 Gadan·
741 3170 854 3223 Tulliae
877 3170 1009 3231 Cenabi,
1039 3187 1099 3221 war
1122 3168 1220 3221 Anlrin
1243 3186 1274 3221 er

159 3239 237 3291 kens.
262 3233 349 3291 Catil.
365 3239 418 3290 III.
436 3242 461 3290 2.
480 3242 504 3291 3.
532 3238 606 3291 Nam
622 3245 689 3304 tam,
743 3238 863 3290 Caesare
883 3239 940 3291 und
959 3236 1049 3289 darell
1065 3237 1113 3288 ihn
1125 3186 1274 3289 noffteOi-

159 3322 264 3357 eamear
273 3307 340 3357 arde
352 3306 504 3357 Catilinam
517 3307 646 3358 eiciebam
657 3334 690 3345 -
742 3323 808 3357 cero
821 3305 883 3357 sein
892 3305 972 3357 Hans
984 3304 1131 3372 gesehdtat
1142 3321 1178 3356 aa
1189 3304 1273 3357 selren

161 3390 216 3425 non
227 3374 326 3424 enim..
336 3402 383 3427 .—
396 3374 443 3425 aed
456 3380 525 3438 tam,
540 3391 601 3426 eam
612 3374 692 3426 illam
741 3374 816 3425 beim
837 3371 999 3426 Einrrieken
1024 3372 1075 3425 der
1095 3371 1274 3425 Caesariani-

160 3441 340 3493 eaterminari
356 3441 486 3491 nolebam.
508 3468 541 3477 -
559 3442 584 3492 ai
601 3441 626 3494 ia
642 3441 693 3493 mi·
742 3441 828 3493 seben
838 3438 984 3493 Soldaten.
994 3469 1028 3477 —
1040 3439 1142 3505 donae]
1156 3440 1182 3491 d.
1195 3438 1215 3491 i.
1229 3439 1274 3491 die

161 3525 215 3562 naa
231 3506 301 3575 pot]
320 3507 384 3560 weil
401 3506 514 3561 Atticas
532 3508 638 3561 damals
656 3525 692 3565 an
743 3514 796 3575 gut
807 3506 1024 3559 arietokratiselr
1036 3507 1209 3572 Gesinnten,
1229 3506 1274 3559 die

160 3575 250 3629 einem
262 3575 385 3628 leichten
398 3574 501 3627 Eieber
514 3575 605 3627 lrank
623 3592 692 3628 war.
744 3575 918 3643 optimatem
942 3603 976 3613 -
996 3574 1177 3643 oppidorum]
1200 3575 1274 3627 Gen.

161 3640 354 3711 -camtttaet
375 3643 420 3695 ein
439 3643 553 3695 Ereund
567 3643 693 3707 Ciceros,
743 3640 908 3695 definitivus
937 3659 990 3695 aur
1017 3642 1134 3709 Angabe
1163 3643 1274 3706 deasen,

161 3711 212 3762 der
230 3711 258 3761 in
277 3710 374 3762 diesen
388 3710 562 3763 Geschiiiten
580 3712 694 3763 bewan-
743 3709 834 3765 warin
856 3711 906 3763 dae
928 3728 962 3763 aa
986 3710 1154 3763 erkltrende
1176 3710 1276 3763 Subst.

160 3778 225 3829 dert
243 3777 299 3828 und
317 3778 366 3829 mit
382 3779 436 3831 den
455 3777 690 3846 einsehlagenden
739 3778 862 3831 besteht.
886 3777 1058 3831 Catilina.
1085 3778 1176 3830 Unam
1187 3795 1275 3844 penas

160 3845 312 3898 Rechtsfra
333 3863 367 3897 en
377 3852 582 3903 vertrautwar.
590 3864 692 3915 -pro-
741 3854 783 3898 eat
795 3863 901 3911 earam,
915 3846 964 3913 qai
975 3853 1024 3899 ete.
1037 3844 1091 3897 Die
1102 3846 1163 3897 eiae
1174 3846 1275 3897 Klaeee

158 3914 232 3978 secta
251 3862 402 3979 erisfdem
420 3913 521 3967 Cicero
543 3921 691 3983 entgegen.
742 3915 847 3965 testeae
862 3931 916 3965 aaa
933 3915 1034 3977 denen,
1053 3914 1159 3965 medelae.
1175 3941 1209 3950 —
1225 3929 1275 3964 no-

105 3975 136 4031 ll.
161 4008 192 4017 -
206 3977 266 4048 aas]
280 3980 419 4049 Tere-ntia
432 3982 488 4035 und
500 3980 605 4035 Tullia.
742 3980 881 4047 strarant]
895 3980 959 4033 weil
970 3980 1054 4033 siezu
1065 3980 1125 4032 dem
1135 3978 1274 4031 Distrikte

125 4016 290 4105 *sEamm
303 4049 351 4099 VI.
371 4050 440 4109 (aot.
456 4049 513 4115 to.)
537 4050 595 4103 Der
611 4049 695 4101 Brief
743 4050 888 4116 gelrdrten,
899 4048 950 4100 der
957 4048 1012 4100 ihm
1023 4052 1192 4100 anvertrant
1201 4064 1274 4099 wor-

36 4137 71 4189 ι,
106 4117 141 4179 f*
160 4114 200 4167 ist
223 4115 405 4181 gesehrieben
430 4116 466 4167 im
490 4117 618 4185 Aniange
643 4118 692 4169 des
743 4113 994 4183 dea-naaria]
1013 4132 1052 4167 sc.
1070 4112 1205 4182 praediis.
1240 4114 1273 4163 Ιιι

37 4190 82 4257 ..ᾗ
98 4175 148 4249 „If
160 4182 395 4252 Biirgerkrieges‚
410 4183 451 4237 als
462 4184 563 4238 Cicero
576 4184 627 4239 mit
639 4184 694 4238 sei·
744 4182 916 4252 Campanien
937 4182 1021 4249 lagen
1041 4182 1091 4233 des
1109 4180 1272 4240 Cumanam,

50 4262 92 4331 I'pll
