3000 4650
213 189 254 256 88
607 194 948 252 Lm.1r.1tr1sr.15.1o.

212 361 259 422 Tu
273 359 363 421 modu
387 359 511 438 ineptias
531 361 603 420 istas
617 367 647 421 et
661 359 805 420 desideria
821 359 904 420 urhis
925 367 955 420 et
968 359 1140 421 urbanitatis
1155 360 1270 439 depone
1287 366 1325 428 et.

213 463 272 524 quo
288 443 410 506 consilio
424 444 575 522 proiectus
590 462 632 513 es,
646 444 677 503 id
694 444 863 507 assiduitate
878 449 907 504 et
920 444 1026 505 virtute
1042 463 1233 524 consequere.
1263 443 1327 508 Hoc

214 529 266 590 tihi
282 536 342 589 tam
359 530 547 608 ignoscemus
561 546 616 588 nos
630 530 726 597 amici,
745 546 834 607 quam
849 529 1026 606 ignoverunt
1040 529 1169 599 Medeae,

297 631 375 689 quoe
389 614 562 674 Corinthum
582 629 682 674 urcem
699 616 792 673 uttam
806 613 962 686 hohehomt,
984 620 1139 674 mutroaoe
1161 617 1336 689 opulentae
1370 631 1374 638 ·

687 701 857 773 optimates:

124 789 127 793 ’
213 781 322 862 quibus
335 780 384 842 illa
400 781 537 843 manibus
552 782 764 860 gypsatissimis
784 783 944 860 persuasit,
959 799 998 843 ne
1015 781 1070 842 sihi
1087 783 1154 843 vitio
1174 779 1242 842 illae
1263 799 1328 842 ver·

214 874 321 937 terent,
338 865 416 944 quod
432 865 548 927 abesset
563 885 580 926 a
594 866 704 945 patria;
721 884 791 926 nam
1167 884 1171 904 ι

297 954 383 1011 multi
400 968 486 1012 suom
502 967 566 1010 rem
586 952 658 1010 hene
675 966 796 1024 oesseee
814 956 844 1011 et
860 951 1011 1026 publicam
1025 953 1133 1027 potm'o
1147 953 1271 1027 procul:

297 1038 390 1114 multi,
412 1039 464 1110 qui
481 1036 562 1095 domi
580 1041 707 1095 aetutem
728 1043 869 1110 opereat,
895 1043 1057 1111 propterea
1074 1043 1143 1096 sumt
1160 1035 1327 1110 improbati.

173 1125 194 1185 2
218 1119 283 1191 Quo
298 1121 328 1180 in
344 1137 469 1180 numero
483 1125 516 1179 tu
531 1125 612 1180 certe
627 1117 746 1190 fuisses,
765 1120 864 1180 uisite
883 1121 1120 1180 extrusissemus.
1164 1118 1234 1194 Sed¹
1243 1117 1329 1198 plura

212 1203 378 1264 scribemus
395 1203 476 1265 alias
509 1203 573 1274 Tu,
588 1204 640 1282 qui
653 1205 760 1264 ceteris
782 1221 886 1265 cavere
905 1203 1045 1275 didicisti,
1069 1206 1099 1263 in
1118 1205 1269 1265 Britannia
1291 1221 1329 1262 ne

213 1287 250 1349 ab
267 1287 422 1348 essedariis
438 1287 603 1365 decipiaris,
622 1294 721 1348 caveto
744 1295 787 1357 et,
810 1288 949 1366 quoniam
965 1288 1098 1348 Medeam
1122 1290 1208 1368 coepi
1230 1304 1327 1366 agere,

215 1371 288 1432 illud
303 1389 421 1451 semper
435 1377 600 1432 memento:

300 1456 359 1527 Qut·
377 1459 441 1533 ipse
462 1458 519 1517 sihi
535 1459 655 1532 sapiens
669 1457 816 1533 prodesse
835 1473 894 1516 mon
916 1460 992 1532 quit,
1021 1458 1221 1532 nequidquam
1240 1459 1328 1532 sopit.

216 1541 293 1602 Cura
307 1550 341 1601 ut
354 1541 458 1601 valeas.

622 1688 802 1753 Errsrona
818 1688 914 1752 XVI.

583 1811 698 1868 CICERO
713 1810 875 1868 runcano
890 1812 917 1868 S.
931 1813 960 1868 D.

172 1950 192 2009 1
300 1945 344 2003 Ex
363 1945 419 2004 tuis
433 1944 537 2004 litteris
553 1952 582 2004 et
601 1943 707 2015 Quinto
722 1943 809 2004 fratri
823 1945 930 2022 gratias
946 1945 992 2021 egi
1007 1950 1036 2004 et
1050 1949 1080 2004 te
1098 1943 1254 2024 aliquando
1269 1943 1329 2004 col·

213 2025 335 2090 laudare
349 2045 485 2106 possum,
501 2029 653 2108 quodiam
669 2027 778 2088 videris
793 2034 873 2089 certa
889 2027 984 2106 aliqua
1006 2030 1035 2088 in
1057 2029 1202 2088 sententia
1222 2031 1329 2088 consti-

212 2113 290 2174 tisse.
312 2112 387 2174 Nam
396 2114 560 2191 primorum
572 2113 717 2173 mensium
728 2111 832 2174 litteris
842 2114 900 2174 tuis
914 2113 1102 2173 vehementer
1113 2111 1330 2180 commovebar,

214 2197 293 2275 qrrcd
307 2197 379 2257 mihi
395 2196 546 2257 interdum
559 2231 603 2242 -
613 2214 687 2276 pace
708 2202 759 2257 tua
779 2197 904 2257 dixerim
920 2232 957 2240 -
974 2196 1044 2258 levis
1067 2197 1097 2256 in
1111 2196 1194 2257 urhis
1208 2195 1329 2257 urbani·

212 2283 339 2361 tatisque
363 2279 523 2352 desiderio,
553 2280 701 2342 interdum
723 2283 824 2360 piger,
857 2281 1006 2343 interdum
1032 2281 1150 2343 timidus
1173 2281 1203 2341 in
1228 2279 1330 2341 lahore

213 2366 343 2435 militari,
360 2384 448 2446 saepe
463 2373 561 2428 autem
576 2368 679 2435 etiam,
695 2367 775 2444 quod
792 2374 853 2427 ate
867 2366 1078 2428 alienissimum
1098 2372 1156 2436 est,
1179 2365 1329 2445 subimpu-

215 2450 290 2512 dens
303 2450 453 2512 videbare.
492 2452 657 2530 Tamquam
676 2452 755 2510 enim
770 2451 968 2530 syngrapham
984 2452 1021 2512 ad
1035 2452 1254 2528 imperatorem,
1271 2467 1330 2509 non

216 2616 267 2668 nit.
281 2616 448 2669 definitivus
466 2616 533 2669 oder
551 2634 567 2667 a
589 2614 749 2682 positione·
833 2621 858 2668 2.
882 2634 979 2669 cauere
996 2615 1072 2669 steht
1089 2616 1119 2667 in
1143 2617 1194 2670 der
1214 2615 1330 2684 juristi-

214 2682 259 2735 lis.
284 2684 313 2735 S.
332 2684 529 2738 z.1.6.1.-
576 2682 622 2749 oc]
637 2682 746 2747 Dicaea,
800 2684 886 2735 schen
915 2684 1062 2735 Bedeutun
1110 2702 1145 2729 =
1172 2684 1331 2736 Rechtehm'-

215 2750 243 2801 d.
262 2749 281 2801 i.
300 2750 365 2802 dass
383 2751 429 2802 Du
448 2766 500 2801 uns
518 2750 667 2803 verlassen
689 2750 745 2801 und
799 2753 885 2803 etemd
897 2752 1008 2815 letatum,
1026 2700 1162 2803 weduna
1178 2752 1331 2819 gleichcn-

214 2817 287 2869 Dein
300 2817 394 2869 Gidck
411 2817 441 2868 in
461 2818 512 2887 der
524 2818 617 2871 Ferne
636 2817 745 2884 nuthet,
798 2826 860 2871 ueto
872 2818 910 2870 im
923 2816 1135 2885 gewdhniichen
1145 2818 1232 2871 Sinne
1244 2819 1330 2871 steht.

179 2934 181 2948 ,
214 2885 331 2938 werden
348 2885 404 2937 wir
419 2883 473 2937 Dir
493 2902 563 2952 gern
584 2885 745 2950 verneihen‚
797 2885 856 2939 Das
867 2886 1024 2954 Wartspiel
1039 2885 1106 2953 geht
1119 2886 1148 2937 in
1163 2886 1332 2938 derUeber-

213 2952 664 3018 wiederMeden(diemitIas0n
673 2953 745 3004 nach
797 2959 914 3020 tetzung
937 2954 1079 3005 vorlaren.
1103 2982 1136 2990 -
1159 2950 1328 3019 essedariis]

214 3018 338 3071 Korinth
362 3019 503 3071 entflohen
526 3020 600 3083 war)
629 3020 675 3071 die
693 3020 748 3071 Be·
800 3021 828 3075 S.
841 3020 1066 3073 dberdieselben
1077 3020 1160 3071 Caes.
1170 3020 1202 3070 Β.
1213 3021 1249 3070 G.
1261 3019 1329 3070 IIII.

213 3084 418 3138 wohnerinnen
450 3085 502 3137 der
533 3085 746 3138 karinthischen
799 3092 840 3139 33.
862 3111 896 3125 -
921 3088 977 3151 Qut
994 3088 1054 3154 ipse
1068 3124 1074 3137 .
1089 3124 1095 3137 .
1111 3121 1117 3135 .
1131 3085 1220 3153 eupit]
1241 3084 1331 3137 darnit

196 3152 293 3219 3Brrrg
311 3151 471 3205 verziehen.
507 3152 560 3205 Die
573 3154 663 3204 Verre
682 3153 746 3205 sind
799 3154 906 3206 stimant
918 3155 969 3207 der
978 3153 1146 3206 ramxffl,
1157 3157 1233 3207 lm.
1243 3170 1330 3221 ange-

197 3219 549 3274 ssderMedeadeeEnnins
560 3227 746 3273 entnommen.
798 3220 894 3273 fiihrte
911 3220 1131 3287 Euripideische
1148 3221 1236 3273 Vere:
1257 3220 1330 3287 μισῶ

197 3287 273 3339 ⁵Der
292 3293 370 3341 erste
387 3286 427 3339 ist
443 3286 498 3339 wie
516 3288 567 3339 der
584 3288 674 3340 dritta
698 3287 745 3339 ein
798 3282 949 3355 repererim,
962 3280 1039 3349 ὅστις
1051 3282 1104 3355 οὐχ
1116 3280 1193 3354 αὐτῷ
1205 3283 1301 3355 σοφός.

214 3361 381 3408 tetrameter
392 3354 557 3407 trochaicus
569 3355 745 3408 acatalectns
830 3358 931 3408 Errsr.
943 3357 1016 3408 XVI.
1035 3357 1110 3423 (700.
1122 3358 1176 3421 54.)

214 3422 423 3491 (octonarius),
454 3422 504 3475 der
527 3422 629 3475 zweite
652 3421 745 3490 gleich
831 3426 855 3475 1.
874 3422 1090 3491 subimpudens]
1108 3423 1168 3476 Der
1179 3422 1330 3476 Gebrauch

214 3492 277 3543 dem
294 3490 406 3543 vierten
423 3489 470 3542 ein
483 3495 551 3544 tetr.
563 3490 653 3543 trech.
667 3498 746 3543 cata·
797 3490 848 3543 der
866 3491 918 3543 mit
932 3508 992 3559 per
1011 3492 1069 3544 und
1087 3492 1148 3543 auh
1166 3490 1329 3559 gebildeten

214 3558 334 3611 lectione
347 3556 564 3639 (septenarius).
573 3586 607 3597 -
616 3559 746 3610 munibus
797 3558 1119 3677 Zueammensetzungen
1130 3558 1329 3623 istdurchdas

212 3625 433 3693 gypsatissimes]
449 3625 682 3691 mitpomza'iherg
719 3644 746 3677 a-
798 3626 1043 3693 angenblickliche
1092 3625 1235 3679 eddrfniss
1263 3643 1329 3677 ver-

213 3700 262 3744 tem
289 3693 420 3747 Hdudem.
461 3692 515 3745 Die
543 3644 746 3761 Schauspidder
798 3695 915 3759 anieeet,
940 3694 971 3745 in
994 3694 1048 3746 den
1065 3692 1182 3745 Briefen
1203 3693 1329 3813 hiinfifier

191 3735 353 3875 ιρίὶεςιιιι,
376 3776 460 3813 avenn
479 3760 520 3812 sie
537 3760 746 3813 Franenrollen
800 3760 842 3813 als
853 3761 1038 3827 insonstigen
1049 3759 1205 3813 Schriften.
1230 3763 1267 3813 So
1299 3778 1330 3812 n·

215 3826 322 3894 gabon,
340 3828 400 3879 sich
412 3827 513 3879 Hdnde
531 3828 588 3879 und
600 3826 683 3879 Arme
696 3827 748 3880 mit
799 3828 853 3895 den
866 3828 939 3881 sich:
953 3828 1178 3895 euhdehilitutue,
1191 3830 1330 3894 subprom-

194 3891 199 3986 Ι
216 3895 297 3963 Gyps
314 3911 350 3947 zu
367 3893 558 3948 bertreichen.
593 3894 748 3947 Vieileicht
799 3896 857 3959 dis,
875 3896 1024 3947 euhimnmr's
1041 3910 1069 3947 u.
1082 3912 1118 3958 ιι,
1132 3896 1245 3950 weiter:
1266 3911 1329 3963 per-

194 3991 199 4014 r
216 3960 289 4028 liegt
305 3961 335 4013 in
354 3962 451 4015 diesen
464 3964 586 4015 Worten
603 3962 665 4015 hier
683 3962 747 4014 eine
799 3964 1029 4027 accommodatus,
1039 3963 1221 4030 perillustris,
1229 3962 1329 4029 perim-

192 4019 395 4105 dAnspielnng
423 4030 475 4082 auf
501 4030 584 4081 einen
607 4029 747 4110 fibert-rie·
800 4030 921 4111 herillus.
938 4029 1181 4149 -sgupruphomJ
1190 4030 1247 4081 Der
1257 4028 1329 4109 Sinn

191 4112 197 4141 r
213 4096 305 4147 benen
323 4096 475 4148 Gebrench
493 4097 586 4149 daron
602 4096 649 4149 ber
667 4114 747 4149 emer
799 4102 851 4150 rst:
871 4097 915 4149 Du
928 4095 1048 4163 chareae,
1067 4100 1210 4151 aswaret
1220 4094 1265 4147 Du
1277 4102 1330 4148 mrt

214 4161 399 4231 Anftfihrung
411 4164 462 4215 des
476 4164 605 4218 Stdckes.
743 4159 748 4175 '
800 4165 879 4217 einer
897 4164 1072 4232 Anweisung
1096 4181 1131 4216 zu
1149 4164 1256 4217 Caesar
1278 4178 1327 4229 ge-
