3000 4650
541 286 567 343 c.
584 286 771 343 senmomus
786 285 890 344 curro.
1037 353 1040 358 ,
1223 279 1264 345 95

152 459 322 530 temporum
336 457 420 511 tuum
437 449 565 511 reditum
584 450 730 520 incidere,
752 458 786 510 ut
800 451 836 510 iis
851 449 951 519 bonis,
976 467 1052 527 quae
1073 448 1126 510 tibi
1148 457 1263 521 natura,

152 537 259 605 studio,
275 533 394 596 fortuna
407 533 475 596 data
493 542 570 603 suut,
586 533 701 595 facilius
715 537 829 604 omnia,
849 553 924 612 quae
947 542 1016 594 sunt
1037 533 1216 612 amplissima
1232 537 1264 594 in

151 639 187 682 rc
203 618 331 700 publica,
348 621 489 698 consequi
503 620 607 698 possis,
623 637 711 698 pam
725 617 908 688 muneribus,
924 635 1051 697 quorum
1063 635 1160 696 neque
1172 617 1264 679 lacul-

152 712 243 766 tatem
258 704 411 782 quisquam
427 703 590 763 admiratur
611 735 648 748 -
672 711 716 765 est
726 704 811 764 'enim
832 705 992 781 copiarum,
1007 719 1068 762 uon
1081 703 1197 764 virtutis
1216 737 1263 774 —,

152 805 250 866 neque
276 788 431 866 quisquam
452 795 512 857 est,
535 788 607 867 quin
623 789 755 848 satietate
770 788 829 848 iam
847 787 980 849 defessus
998 787 1043 848 sit.
1090 785 1149 848 Sed
1167 785 1260 857 aliter,
1284 791 1304 852 2

151 880 241 952 atque
262 872 464 942 ostenderam,
479 871 572 941 lacio,
594 873 645 951 qui
668 871 819 949 ingrediar
841 872 877 932 ad
897 869 1100 949 explicandam
1119 871 1265 932 rationem

152 957 317 1017 sententiae
337 974 430 1017 meas.
474 953 571 1024 Quare
587 973 705 1017 omnem
720 955 798 1016 hano
812 955 1040 1034 disputationem
1058 957 1088 1016 in
1108 954 1265 1016 adventum
1318 951 1321 966 '

152 1047 236 1101 tuum
250 1040 363 1100 differo.
399 1040 522 1102 Summa
537 1041 611 1100 scito
625 1041 655 1099 iu
671 1041 889 1118 exspectatione
903 1045 933 1099 te
952 1058 1017 1100 esse
1032 1057 1125 1118 eaque
1140 1057 1157 1100 a
1170 1046 1200 1099 te
1215 1057 1265 1100 ex·

152 1126 296 1205 spectari,
322 1142 398 1204 quae
423 1143 440 1184 a
466 1142 581 1186 summa
602 1125 709 1185 virtute
730 1142 906 1204 summoque
925 1124 1045 1202 iugenio
1069 1123 1266 1202 exspectanda

153 1216 237 1270 sunt:
253 1209 290 1269 ad
307 1209 422 1286 quaesi
438 1227 478 1278 es,
495 1215 528 1268 ut
542 1208 642 1276 debes,
658 1214 780 1287 paratus
799 1243 835 1252 —
853 1206 932 1286 quod
946 1209 986 1268 ita
1003 1225 1068 1268 esse
1083 1205 1197 1269 confido
1216 1241 1264 1277 —,

152 1292 289 1370 plurimis
308 1292 502 1371 maximisque
522 1292 695 1354 muneribus
715 1299 745 1352 et
766 1309 821 1352 nos
838 1294 949 1353 amicos
972 1299 1001 1352 et
1016 1294 1093 1352 cives
1111 1300 1179 1352 tuos
1199 1290 1266 1351 uni-

152 1394 256 1438 versos
271 1384 300 1436 et
314 1393 378 1437 rem
392 1375 541 1455 publicam
555 1377 674 1438 afficies.
709 1375 785 1436 Illud
802 1393 963 1456 cognosces
976 1376 1126 1454 prolecto,
1144 1375 1218 1436 milri
1236 1382 1266 1435 te

153 1477 250 1541 neque
265 1461 411 1522 cariorem
426 1479 523 1539 neque
538 1461 743 1522 iucundiorem
759 1477 823 1521 esse
838 1477 1025 1541 quemquam.

546 1625 726 1693 Errsrous
736 1624 872 1688 XXIII.

489 1750 522 1805 bl.
538 1749 652 1806 ClCEllb
668 1750 695 1806 S.
710 1750 739 1806 ll.
755 1749 782 1804 C.
799 1748 938 1805 CURlONl.

237 1879 436 1960 Epistolarum
457 1897 569 1958 genera
583 1879 674 1942 mrtlta
689 1898 755 1942 esse
774 1899 836 1940 non
854 1881 990 1957 ignoras,
1011 1878 1172 1940 sedunum
1191 1877 1265 1940 illud
1287 1884 1305 1944 1

155 1966 360 2035 certissimum,
378 1967 462 2026 cuius
482 1983 570 2026 causa
585 1966 703 2025 inventa
722 1983 771 2026 res
787 1965 850 2043 ipsa
865 1972 923 2034 est,
941 1972 975 2025 ut
991 1965 1133 2024 certiores
1153 1963 1266 2025 facere·

153 2067 221 2110 mus
237 2049 384 2118 absentes,
397 2051 422 2110 si
435 2049 506 2129 quid
522 2056 608 2119 esset,
628 2048 709 2127 quod
723 2067 776 2109 eos
790 2049 867 2109 scire
881 2055 931 2110 aut
951 2055 1053 2110 nostra
1070 2056 1120 2108 aut
1133 2049 1266 2127 ipsorum

153 2135 319 2195 interesset.
347 2135 408 2195 lam
424 2134 511 2195 buius
525 2134 645 2210 generis
659 2131 772 2193 litteras
787 2150 803 2192 a
817 2151 866 2193 me
881 2132 1015 2210 prolecto
1029 2148 1089 2208 uoq
1105 2139 1266 2209 exspectas.

155 2218 285 2280 Tuarum
299 2220 378 2279 euim
392 2235 495 2278 rerum
513 2218 742 2278 domesticarum
756 2216 849 2278 habes
869 2224 898 2277 et
918 2218 1076 2297 scriptores
1092 2223 1122 2277 et
1138 2217 1265 2278 nuntios.

153 2302 187 2363 ln
201 2304 276 2364 meis
290 2308 388 2364 autem
402 2301 493 2364 rebus
508 2300 580 2363 nihil
596 2307 641 2362 est
657 2318 728 2361 sane
742 2303 818 2361 nori.
854 2299 977 2381 Reliqua
992 2308 1061 2363 suut
1075 2300 1267 2379 epistolarum

154 2404 264 2463 genera
278 2387 353 2454 duo,
369 2405 443 2467 quae
462 2406 511 2447 me
527 2402 636 2463 magno
656 2402 748 2463 opere
772 2385 932 2447 delectant:
956 2404 1050 2447 unum
1069 2386 1212 2448 familiare
1238 2392 1268 2447 et

153 2471 296 2538 iocosum,
312 2469 436 2530 alterum
451 2488 587 2531 severum
603 2477 633 2530 et
645 2485 744 2546 grave.
773 2470 846 2531 Utro
856 2489 904 2531 me
915 2471 1013 2531 minus
1026 2470 1129 2531 deceat
1138 2471 1190 2547 uti,
1207 2488 1267 2530 nou

153 2551 295 2632 intelligo.
331 2553 456 2615 locerne
469 2561 566 2615 tecum
583 2572 638 2632 per
651 2553 781 2615 litteras?
816 2554 914 2616 Civem
934 2553 1105 2617 mehercule
1118 2571 1178 2613 uon
1196 2561 1266 2631 puto

155 2655 230 2705 esse,
249 2640 299 2717 qui
313 2638 495 2715 temporibus
509 2638 556 2700 bis
570 2639 669 2699 ridere
680 2640 781 2718 possit.
805 2639 849 2699 An
865 2639 981 2717 gravius
997 2638 1106 2717 aliquid
1122 2637 1267 2699 scribam?

155 2720 231 2791 Quid
246 2730 304 2792 est,
324 2723 403 2801 quod
420 2724 514 2801 possit
528 2723 657 2799 graviter
672 2742 689 2784 a
704 2722 847 2784 Cicerone
861 2722 950 2784 scribi
966 2724 1002 2785 ad
1018 2724 1190 2791 Curionem,
1210 2724 1268 2783 uisi

156 2806 192 2868 de
206 2825 240 2867 re
258 2805 398 2890 publicai
425 2807 521 2887 Atque
533 2810 565 2867 in
581 2807 640 2868 hoc
654 2824 765 2885 genere
779 2807 853 2869 baec
866 2825 937 2871 mea.
948 2826 1034 2869 causa
1053 2814 1106 2882 est,
1123 2814 1155 2867 ut
1169 2825 1267 2887 neque

155 2908 198 2961 ea,
212 2909 290 2967 qaae
303 2895 404 2965 senaa,
416 2894 554 2961 audeam,
569 2910 665 2967 aeque
679 2910 726 2966 ea,
743 2907 819 2968 quae
835 2908 896 2951 non
908 2893 1012 2961 sentio,
1028 2890 1114 2952 velim
1126 2891 1266 2953 seribere.

188 3111 213 3158 2.
244 3106 438 3175 ostenderam]
464 3108 570 3159 erbleirt
592 3108 683 3173 batte,
736 3107 808 3159 nach
825 3124 859 3159 sn
872 3106 932 3160 'den
950 3108 1115 3161 Nebensatz
1133 3108 1215 3160 cuius
1234 3144 1267 3161 ..

154 3174 381 3236 obensl.·-s'es
393 3174 684 3243 exspectationem·
734 3176 798 3242 ipsa
820 3183 862 3227 est
887 3193 938 3239 sn,
965 3176 1052 3227 daher
1074 3176 1126 3228 das
1148 3176 1265 3244 Imperi.

155 3242 289 3307 spectatio
297 3243 372 3293 kann
383 3244 455 3295 auch
464 3242 612 3295 Passivum
621 3242 683 3294 sein
735 3259 833 3311 wegen
851 3243 967 3294 incentu
980 3250 1030 3294 est.
1048 3272 1081 3281 -
1099 3243 1264 3311 scriptores]

156 3307 214 3358 und
238 3307 289 3359 das
312 3308 459 3362 Erwartet
471 3340 485 3349 -
496 3309 611 3361 werden
633 3311 683 3362 be·
734 3308 780 3361 die
793 3309 977 3377 regelmiseig
988 3310 1105 3361 Bericbt
1117 3316 1265 3362 erststteu.

156 3374 269 3426 deuten.
287 3375 347 3427 Ate.
357 3376 391 3430 V.
403 3381 442 3428 16.
453 3381 478 3427 2.
496 3377 626 3429 Maxima
638 3394 684 3428 ea·
734 3404 768 3413 —-
777 3376 905 3443 nuntios]
918 3376 1053 3443 sufiillige
1063 3376 1265 3431 Nscbrichten.

154 3442 325 3508 spectatione
335 3443 367 3494 in
378 3446 535 3511 perditam.
550 3446 684 3513 .prous'a-
734 3470 769 3482 -
780 3445 854 3495 nibil
871 3462 892 3494 e.
912 3460 982 3495 sane
998 3442 1081 3563 mii]
1096 3444 1147 3496 mit
1160 3444 1265 3497 Bitter·

154 3509 227 3559 ciam
237 3525 289 3561 atos
305 3510 414 3562 venisse
430 3513 498 3562 scito
510 3512 603 3578 pridie
618 3512 682 3563 Kal.
733 3510 795 3563 keit
816 3512 853 3563 im
870 3510 1008 3563 Hinblick
1025 3528 1059 3563 au
1094 3512 1172 3564 seins
1189 3514 1265 3565 Stel—

154 3577 280 3627 Sextiles.
298 3576 414 3642 (Cicero
425 3596 487 3630 wer
498 3579 683 3645 Gegenstand
735 3579 806 3645 lung
823 3586 933 3645 gesagt.
949 3607 983 3615 -
1003 3596 1075 3645 qaae
1092 3581 1195 3645 sentio,
1213 3598 1267 3631 au·

154 3644 207 3696 der
217 3644 416 3713 Erwartung.)
429 3648 488 3698 Att.
500 3647 580 3698 VIII.
593 3650 635 3699 11.
647 3646 681 3700 D.
735 3648 824 3711 deam,
836 3656 926 3714 neque
936 3643 984 3765 req
995 3646 1081 3699 Diese
1091 3648 1191 3699 Warts
1204 3647 1266 3699 feb-

154 3716 180 3764 3.
193 3711 262 3763 Ceus
272 3729 317 3763 res
324 3712 356 3764 in
364 3730 472 3765 suasura
481 3714 685 3781 exspectatione
735 3714 782 3765 len
795 3712 825 3765 in
838 3714 892 3767 deu
901 3714 964 3766 Han
987 3714 1139 3778 schriften,
1152 3715 1266 3767 krinnen

154 3786 233 3831 esset.
246 3806 281 3815 —
292 3779 335 3831 ita
346 3780 420 3847 esse]
436 3782 465 3833 S.
479 3798 504 3833 z.
515 3782 539 3837 Ι.
552 3784 593 3835 26.
607 3786 632 3833 3.
724 3781 804 3833 'aber
822 3781 901 3834 nicht
917 3782 1050 3834 entbebrt
1060 3782 1185 3835 werden.
1209 3783 1267 3834 An-

478 3847 482 3852 ’
735 3849 805 3901 dere
816 3849 911 3901 lessen
919 3848 952 3912 ,in
965 3849 1016 3901 der
1028 3850 1202 3917 Ergbnzung
1214 3866 1266 3901 au-

187 3917 286 3966 Errsr.
298 3916 400 3965 XXIII.
418 3916 491 3981 (rot.
503 3915 559 3981 53.)
735 3918 815 3968 deam
834 3934 911 3983 weg,
934 3916 1034 3984 allein,
1058 3934 1141 3969 wenn
1163 3917 1265 3969 einmal

137 3991 145 4012 ¹
189 3985 214 4034 1.
232 3998 322 4033 unam
333 3982 354 4032 i.
366 3983 444 4049 cert]
461 3983 575 4035 :Dies
588 3983 627 4036 ist
639 4001 682 4035 am
734 3984 799 4036 eine
811 3983 918 4049 Liiclre,
933 3984 1021 4036 durch
1034 3984 1083 4036 das
1096 3982 1265 4041 wiederbolff

155 4048 312 4102 sicbersten
330 4048 394 4101 eins
406 4068 462 4102 ron
474 4051 530 4102 deu
542 4050 685 4103 verschie-
735 4058 764 4103 te
780 4068 868 4118 aeque
885 4069 918 4103 ea
935 4068 1007 4119 quae
1022 4052 1199 4116 veranlssst,
1217 4067 1265 4103 en-

156 4117 247 4170 denen
265 4118 388 4170 Klsseen
407 4118 459 4171 der
476 4117 583 4170 Briefe.
599 4146 635 4156 -
653 4125 685 4169 ut
735 4119 889 4171 zuuehmen
906 4120 958 4183 ist,
981 4136 1013 4171 so
1030 4119 1070 4171 ist
1086 4119 1132 4171 die
1148 4119 1264 4170 bessere

156 4198 178 4234 o.
190 4182 352 4251 faceremus]
368 4185 422 4237 Die
431 4186 623 4305 llortsetzunFq
634 4185 684 4237 des
736 4185 793 4237 und
813 4186 875 4238 dem
894 4185 982 4239 Siune
1005 4186 1264 4254 entsprecltendere

157 4251 593 4306 Gedsnlrensschliesstsicltder
626 4270 683 4305 orm
736 4248 1116 4321 Ausfiilluugrorzuzielren.
