3000 4650
227 249 290 315 170
518 295 520 302 ,
606 253 667 308 tut.
682 251 723 309 lll.
739 250 842 308 EPlS‘f.
858 253 975 306 34-36.

225 438 281 500 ego
296 418 543 482 necessitudinem
556 424 657 478 sancte
672 415 825 478 colendam
835 422 916 495 puto.
947 413 1006 476 Sed
1018 433 1052 476 ea
1063 433 1152 476 causa
1166 417 1255 475 etiam
1270 431 1337 474 oum

225 505 290 566 aliis
305 501 519 582 compluribus,
545 501 725 564 familiaritas
746 508 827 562 tanta
840 497 921 561 nullo
938 517 1004 561 cum
1020 499 1150 578 hospite;
1171 506 1200 560 et
1220 518 1255 560 ea
1269 516 1339 559 cum

226 589 328 650 officiis
340 591 403 650 eius
418 586 524 657 multis,
540 593 605 648 tum
620 588 706 648 etiam
722 585 933 646 cousuetudine
943 584 1111 665 quotidiana
1126 585 1170 645 sic
1184 591 1229 644 est
1243 591 1338 652 aucta,

225 680 258 736 ut
274 671 348 734 nihil
363 674 402 734 sit
415 669 609 733 familiaritate
625 677 726 731 nostra
740 669 933 730 coniunctius.
968 668 997 728 fs
1018 686 1086 730 oum
1099 669 1211 730 Romae
1228 685 1338 730 annum

225 775 320 838 propo
336 759 378 818 ita
393 757 511 826 fuisset,
531 763 564 816 ut
583 773 700 817 mecum
720 756 844 825 viveret,
867 755 922 815 etsi
936 771 1053 814 emmas
1075 753 1107 812 in
1123 770 1231 832 magna
1243 769 1296 832 spe
1309 763 1337 814 te

225 843 301 904 meis
320 841 425 903 litteris
449 840 763 918 commendationeque
785 839 1003 918 diligentissime
1023 838 1171 898 facturum
1185 837 1231 907 id,
1261 836 1339 917 quod

226 929 334 998 fecisti,
361 933 394 987 ut
413 926 476 987 eius
490 942 555 986 rem
569 931 599 987 et
618 925 752 986 fortunas
771 923 900 985 absentis
914 930 1049 992 tuerere,
1070 931 1183 992 mmeu,
1207 921 1286 1001 quod
1309 923 1339 980 iu

226 1013 316 1073 unius
330 1016 475 1089 potestate
495 1016 579 1070 erant
600 1010 698 1070 omnia
718 1015 748 1070 et
771 1008 851 1087 quod
865 1008 941 1087 Lyso
961 1005 1057 1068 fuerat
1077 1007 1108 1067 in
1130 1013 1232 1068 nostra
1251 1023 1340 1067 causa

227 1097 395 1174 nostrisque
407 1093 575 1172 praesidiis,
593 1093 721 1172 quotidie
740 1091 850 1172 aliquid
865 1090 1050 1153 timebamus.
1080 1090 1223 1153 Effectum
1242 1098 1340 1151 tamen

229 1188 273 1243 est
286 1187 316 1242 et
329 1181 422 1259 ipsius
437 1177 595 1256 splendore
611 1183 640 1238 et
655 1185 758 1238 nostro
773 1177 1016 1258 reliquorumque
1029 1177 1178 1256 hospitum
1186 1175 1294 1244 studio,
1308 1182 1341 1235 ut

229 1265 337 1333 omnia,
356 1281 431 1342 quae
445 1261 595 1332 vellemus,
612 1281 628 1321 a
644 1263 768 1324 Caesare
784 1263 1028 1342 impetrarentur3
1044 1259 1125 1340 quod
1139 1258 1286 1338 intelliges
1304 1278 1341 1320 ex

184 1357 205 1418 2
228 1351 264 1409 iis
278 1348 398 1419 litteris,
415 1363 488 1426 ques
502 1345 609 1408 Caesar
625 1347 661 1408 ad
675 1354 705 1409 te
721 1346 811 1408 dedit
844 1346 930 1408 Nunc
947 1363 1009 1408 non
1028 1345 1118 1407 modo
1136 1363 1198 1405 non
1217 1345 1341 1405 remitti·

228 1449 295 1494 mus
308 1431 361 1493 tibi
377 1431 487 1510 aliquid
502 1449 538 1492 ex
552 1438 653 1492 nostra
669 1431 937 1503 commendatione,
954 1432 1038 1512 quasi
1047 1430 1145 1508 adepti
1158 1431 1215 1490 iam
1226 1430 1342 1496 omnia;

228 1517 281 1578 sed
299 1534 333 1578 eo
348 1516 550 1578 vehementius
565 1534 582 1576 a
595 1524 625 1578 te
640 1517 860 1587 contendimus,
878 1526 912 1578 ut
928 1518 1073 1598 Lysonem
1090 1515 1121 1574 in
1135 1513 1225 1574 fidem
1239 1530 1341 1575 neces·

227 1601 445 1679 situdinemque
462 1608 544 1662 tuam
558 1602 693 1679 recipias.
726 1601 815 1664 Cuius
838 1601 928 1663 dubiai
955 1602 1074 1662 fortuni
1099 1598 1229 1659 timidius
1244 1604 1343 1659 tecum

229 1685 388 1767 agebamus
408 1693 556 1756 verentes,
584 1703 622 1746 ne
643 1686 714 1764 quid
731 1685 879 1748 accideret
892 1685 1048 1755 eiusmodi,
1074 1689 1159 1745 utne
1173 1690 1206 1744 tu
1223 1681 1343 1762 quidem

229 1771 343 1854 mederi
355 1787 473 1848 posses;
495 1767 647 1848 explorata
661 1788 732 1831 vero
748 1772 811 1831 eius
825 1771 1042 1839 incolumitate,
1062 1768 1160 1829 omnia
1175 1774 1236 1828 ate
1247 1765 1343 1828 studio

228 1873 344 1917 summo
359 1871 532 1932 summaque
547 1872 618 1915 eura
634 1864 714 1933 peto.
745 1854 826 1925 Quae
839 1873 879 1916 ue
897 1855 1013 1933 singula
1038 1869 1224 1920 enumerem,
1250 1860 1343 1913 totam

228 1939 282 2001 tibi
295 1938 623 2007 domum-commeud03
653 1942 683 2000 in
697 1939 744 2000 his
758 1938 976 2000 adolescentem
992 1938 1085 2000 filium
1101 1938 1178 2004 eius,
1207 1933 1341 2017 quempC.

228 2024 386 2086 Memmius
401 2021 565 2093 Gemellus,
582 2022 673 2084 cliens
683 2042 782 2092 meus,
804 2041 871 2084 cum
891 2025 922 2084 in
941 2023 1104 2084 calamitate
1120 2020 1215 2083 exsilii
1229 2021 1274 2081 sui
1287 2019 1342 2080 Pa·

130 2157 133 2165 .
228 2109 338 2170 trensis
363 2108 436 2168 civis
459 2109 553 2169 laetus
580 2115 670 2177 esset,
696 2106 881 2170 Patrensium
904 2107 1020 2186 legibus
1039 2105 1205 2186 adoptavit;
1234 2112 1266 2166 ut
1280 2105 1343 2164 eius

189 2201 209 2262 3
231 2193 322 2273 ipsius
336 2190 506 2254 hereditatis
520 2192 566 2253 ius
580 2209 758 2271 causamque
771 2202 885 2254 tueare.
916 2192 1010 2271 Caput
1030 2190 1102 2252 illud
1125 2197 1182 2262 est,
1209 2195 1243 2251 ut
1255 2188 1343 2268 Lyso

232 2295 318 2347 nem,
340 2294 428 2356 quem
440 2294 496 2356 ego
510 2276 606 2338 uirum
617 2277 762 2357 optimum
781 2277 1038 2357 gratissimumque
1058 2277 1196 2354 cognovi,
1219 2273 1344 2352 recipias

231 2365 262 2425 iu
277 2362 523 2425 necessitudinem
536 2370 627 2423 tuam.
655 2360 739 2432 Quod
755 2364 781 2423 si
796 2363 917 2432 feceris,
944 2380 1004 2423 uon
1022 2361 1138 2431 dubito,
1167 2362 1238 2441 quin
1257 2361 1286 2421 in
1307 2376 1344 2419 eo

231 2446 380 2526 diligendo
396 2447 561 2525 ceterisque
574 2454 677 2525 postea
698 2447 948 2519 commendando,
975 2447 1069 2516 idem,
1098 2447 1177 2526 quod
1205 2461 1275 2524 ego,
1304 2444 1345 2504 sis

176 2598 179 2609 ,
230 2531 331 2593 iudicii
342 2539 372 2593 et
386 2531 542 2592 voluntatis
556 2529 720 2593 habiturus.
752 2532 837 2605 Quod
852 2549 920 2592 cum
940 2532 1005 2594 fieri
1025 2530 1216 2593 vehementer
1230 2529 1343 2599 studeo,

230 2626 295 2678 tum
310 2618 398 2677 etiam
411 2614 483 2678 illud
498 2633 618 2684 vereor,
635 2633 688 2686 ne,
704 2616 841 2678 siminus
857 2615 1003 2677 cumulate
1015 2615 1156 2679 videbere
1173 2616 1278 2677 fecisse
1293 2611 1345 2675 ali-

232 2699 301 2780 quid
317 2702 380 2761 eius
395 2718 497 2769 causa,
514 2718 562 2759 me
575 2698 625 2760 ille
640 2698 823 2783 negligenter
834 2702 987 2779 scripsisse
997 2707 1094 2779 putet,
1110 2718 1170 2760 non
1180 2707 1210 2760 te
1221 2697 1345 2761 oblitum

231 2786 298 2846 mei.
328 2783 435 2855 Quanti
450 2784 529 2844 enim
542 2802 591 2846 me
606 2784 719 2847 faceres
735 2803 804 2848 cum
819 2804 855 2847 ex
872 2784 1058 2847 sermonibus
1079 2784 1258 2865 quotidianis
1272 2782 1345 2843 meis

231 2878 296 2930 tum
311 2888 348 2930 ex
362 2866 492 2949 epistolis
507 2869 595 2930 etiam
608 2872 668 2931 tuis
683 2872 781 2949 potuit
795 2888 988 2952 cognoscere.

231 3019 348 3071 Briefen
371 3035 406 3070 au
427 3017 497 3073 Tiro
524 3018 614 3073 litters
635 3020 765 3073 erwdhut
815 3020 915 3075 Befelrl
932 3020 1064 3075 Caesare.
1082 3047 1114 3059 -
1131 3020 1162 3072 0.
1178 3015 1344 3083 Memmius]

231 3086 314 3138 wird.
344 3085 387 3137 Er
411 3102 471 3137 war
495 3086 550 3138 den
573 3086 690 3139 salnes
714 3088 764 3141 des
801 3088 857 3140 ·Er
878 3088 979 3140 lraufte
997 3088 1075 3139 nicht
1091 3085 1208 3140 aurbei
1224 3085 1275 3136 der
1292 3083 1348 3135 Be-

231 3153 384 3221 Pompejus
408 3152 519 3221 gefolgt
542 3154 599 3206 und
623 3154 764 3208 frirchtete
814 3156 953 3222 werbung
970 3171 1015 3207 um
1032 3154 1083 3207 das
1105 3150 1242 3207 consulat
1257 3150 1347 3203 Stirn-

232 3221 279 3273 fir
291 3220 353 3273 sein
366 3220 532 3287 Vermdgen.
815 3240 894 3288 men,
916 3222 1040 3274 sonderu
1062 3222 1169 3275 schloss
1190 3234 1274 3287 sogar
1295 3218 1347 3269 mit

267 3292 293 3341 1.
316 3304 349 3340 eo
372 3287 476 3355 causa]
504 3291 556 3341 dae
581 3288 763 3354 Verladltroa'eo‚
815 3292 871 3343 den
888 3290 1048 3357 damaligen
1066 3289 1146 3342 Coss.
1164 3287 1346 3342 eiueufrirrn·

233 3356 278 3408 die
308 3356 599 3419 Gastfreuudscheft3
630 3357 765 3424 ergliuaea
814 3357 909 3411 lichen
920 3358 1046 3425 Vertrag
1058 3358 1093 3410 ab
1103 3357 1161 3409 und
1173 3356 1272 3409 warde
1282 3354 1344 3406 des-

232 3424 301 3475 milri
310 3430 360 3476 est.
370 3424 439 3474 -Is
449 3442 510 3477 cum
519 3425 623 3477 Romae
632 3422 691 3491 etc]
705 3426 765 3477 Der
816 3425 881 3478 halb
899 3426 1042 3478 verbannt
1057 3425 1076 3482 i.
1093 3424 1120 3477 J.
1136 3428 1179 3477 64.
1203 3422 1257 3475 Die
1273 3422 1345 3473 Vor-

233 3489 305 3543 Sinn
321 3490 373 3543 ist:
390 3489 440 3571 dle
454 3510 485 3545 er
498 3492 528 3545 iu
540 3492 611 3546 Rom
624 3509 765 3560 geweseu,
815 3492 891 3546 liobe
900 3491 1345 3560 fiordiegriechischeLitteretur

233 3557 341 3611 hoffteu
365 3574 419 3609 wtr
443 3575 534 3625 awar,
565 3560 631 3613 dass
649 3561 693 3612 Du
716 3561 768 3613 auf
817 3578 871 3628 zog
890 3560 938 3612 ihu
960 3561 1031 3613 nach
1054 3560 1159 3623 Athen,
1181 3577 1226 3611 wo
1249 3575 1280 3610 er
1301 3554 1346 3608 die

233 3626 324 3679 moine
348 3624 540 3695 Empfehlung
561 3626 609 3678 hin
633 3628 681 3680 sair
704 3627 767 3680 sein
817 3628 917 3681 meiste
930 3628 1215 3681 Zeitlebte.·—Patr.
1228 3622 1343 3691 lepidus]

233 3693 390 3761 Vermdgen
402 3709 505 3762 sorgeu
518 3692 657 3758 wfirdmt,
670 3711 766 3747 waren
818 3695 871 3747 Um
889 3696 919 3747 iu
935 3696 1040 3749 Patrae
1056 3695 1168 3761 Birgos
1185 3694 1300 3746 werden
1312 3706 1347 3743 zu

230 3760 334 3827 jedoeh
347 3766 421 3819 stete
430 3760 460 3812 in
474 3761 596 3828 Furcht,
609 3760 675 3814 weil
687 3761 778 3814 Alles‘
817 3762 940 3829 krinnen,
953 3762 1088 3815 uaclrdem
1099 3758 1347 3817 erdastm,Brir-

233 3828 263 3879 in
276 3827 328 3879 der
340 3827 424 3883 Haud
441 3828 519 3882 eines
532 3828 671 3897 Einaigen
684 3829 768 3894 (Cae-
819 3830 952 3897 gersecht
961 3830 1049 3883 durch
1061 3828 1349 3897 diecapitisdeminu-

234 3896 307 3959 sara)
323 3894 371 3962 lag
387 3895 444 3949 und
461 3897 526 3949 weil
538 3899 616 3967 Lyso
633 3896 694 3949 sich
705 3897 769 3951 dem
819 3897 860 3949 tio
877 3899 1024 3962 remores,
1041 3904 1147 3951 moute
1160 3915 1192 3950 er
1203 3895 1349 3949 einenPa-

235 3962 388 4031 Pompejus
403 3965 618 4031 angeschloesen
630 3966 665 4031 (f.
677 3964 709 4016 in
719 3981 768 4017 no·
819 3972 933 4019 treuser
942 3961 1348 4020 anKindesStattauuehmen.

234 4030 768 4099 straeaooajuununseremfleeremo·
854 4038 879 4087 3.
896 4032 1174 4101 sermomonem]
1193 4030 1349 4085 besonders

235 4096 530 4232 etpoqpppzappipiio)
557 4100 759 4221 edsieuzthpttp.2
820 4098 1350 4233 dopngachfolqer'ipdepudtaptthaltg-

288 4199 295 4216 .
448 4186 535 4221 runc
594 4205 701 4220 ...
761 4206 768 4220 .
820 4187 975 4223 sca.—
1024 4186 1116 4221 eooee
1173 4186 1197 4218 te
1243 4184 1278 4218 an
1338 4194 1352 4203 ·

237 4255 269 4267 -
281 4244 317 4281 ne
328 4231 397 4295 quid
410 4235 561 4302 occideret]
580 4235 669 4289 durch
686 4238 768 4291 einen
821 4254 897 4295 cero.
910 4266 942 4277 —
954 4187 1065 4305 coapto]
1080 4238 1109 4290 8.
1123 4252 1148 4288 a.
1159 4236 1182 4286 Ι.
1197 4238 1238 4285 15.
1251 4237 1276 4285 2.
