3000 4650
218 219 261 286 56
612 229 671 283 Lib.
688 227 706 283 1.
722 228 824 284 brist.
840 229 937 283 18.·19.
963 295 967 301 ,

221 413 264 463 so,
281 398 370 472 atque
384 391 518 464 elabora,
536 411 595 454 non
611 393 699 454 modo
716 399 749 454 ut
763 393 809 453 bis
823 391 914 453 rebus
929 386 1034 470 dignus
1047 392 1152 463 luisse,
1174 391 1226 454 sed
1249 394 1336 454 etiam

222 486 255 540 ut
273 477 323 538 illa
340 480 438 540 omnia
454 479 510 538 tuis
525 478 637 538 artibus
652 484 807 556 superasse
820 477 948 538 videare.
1353 541 1362 552 ,

162 569 201 630 43
308 561 368 624 XV.
411 563 448 623 Et
468 561 604 640 quoniam
629 562 701 625 mihi
722 580 807 623 casus
827 562 971 624 urbanam
991 562 1021 621 in
1049 559 1267 639 magistratibus
1286 563 1337 622 ad-

223 647 467 728 ministrationem
488 647 698 724 reipublicae,
719 647 773 707 tibi
791 645 1001 726 provincialem
1022 645 1115 715 dedit,
1137 647 1161 706 si
1183 664 1247 706 mea
1268 664 1337 723 pars

223 733 333 794 nemini
345 731 431 801 cedit,
450 732 506 801 lac,
522 738 554 791 ut
573 737 623 792 tue
639 738 755 793 eeteros
772 734 876 791 vincat.
915 729 1008 792 Simul
1022 738 1051 791 et
1064 729 1136 791 illud
1153 730 1263 808 cogita,
1282 749 1337 792 nos

224 835 284 880 non
304 817 340 878 de
356 813 469 895 reliqua
485 821 514 876 et
528 823 644 894 sperata
660 816 754 894 gloria
774 816 832 876 iam
853 813 1004 884 laborare,
1026 816 1078 876 sed
1093 815 1130 877 dc
1148 821 1232 893 parta
1252 814 1336 876 dimi·

225 921 308 971 care;
323 918 397 980 quae
413 900 531 980 quidem
545 917 605 962 nou
619 907 679 962 tam
695 899 858 978 expetenda
877 899 962 961 nobis
976 898 1040 979 luit,
1054 917 1144 977 quarn
1159 900 1267 961 tuenda
1282 908 1336 961 est.

224 986 265 1048 Ac
279 987 305 1046 si
319 985 390 1046 mihi
405 985 564 1063 quidquam
579 993 657 1046 esset
672 984 724 1046 abs
739 992 768 1044 te
779 991 956 1062 separatum,
972 981 1044 1045 nihil
1054 983 1179 1063 amplius
1190 985 1337 1045 desidera-

224 1089 288 1133 rem
304 1070 362 1129 hoc
380 1075 472 1137 statu,
491 1070 542 1146 qui
560 1070 630 1131 mibi
647 1070 705 1130 iarn
726 1074 829 1147 partus
847 1076 900 1130 est.
941 1069 1026 1129 Nunc
1046 1084 1118 1129 vero
1138 1069 1180 1128 sic
1200 1087 1249 1129 res
1270 1087 1338 1130 sese

114 1174 122 1182 ·
198 1216 212 1235 .
224 1155 322 1222 babet,
339 1161 386 1224 ut,
407 1154 463 1214 nisi
481 1155 577 1214 omnia
598 1161 648 1215 tua
662 1155 738 1214 lacta
763 1161 852 1230 atque
868 1153 945 1215 diota
960 1153 1069 1213 nostris
1085 1152 1176 1214 rebus
1188 1154 1274 1214 istinc
1288 1172 1336 1214 re-

116 1305 120 1316 ,
225 1239 397 1318 spondeant,
414 1255 468 1316 ego
485 1256 533 1298 me
549 1241 635 1299 tantis
646 1239 719 1300 meis
729 1237 880 1298 laboribus
891 1239 1036 1316 tantisque
1048 1236 1194 1317 periculis,
1210 1255 1337 1317 quorum

225 1331 256 1384 tu
274 1324 405 1385 omniurn
426 1324 576 1402 particeps
598 1322 692 1403 luisti,
713 1321 786 1383 nihil
807 1323 998 1384 consecutum
1015 1328 1126 1400 putem.
1157 1322 1282 1393 Quodsi,
1304 1329 1337 1383 ut

225 1406 437 1485 amplissimum
451 1424 561 1468 nomen
571 1423 830 1487 consequeremur,
846 1424 923 1468 unus
934 1412 1052 1484 praeter
1065 1412 1180 1467 ceteros
1190 1407 1335 1475 adiuvisti,

225 1500 305 1553 certe
318 1491 411 1560 idem,
427 1498 460 1552 ut
475 1491 505 1552 id
519 1494 714 1563 retineamus,
730 1499 848 1571 praeter
867 1499 983 1552 ceteras
997 1489 1173 1552 elaborabis.
1210 1491 1277 1551 Non
1293 1500 1337 1553 est

225 1575 278 1638 tibi
299 1576 344 1637 bis
365 1574 434 1637 solis
453 1576 594 1638 utendum
617 1575 879 1640 existimationibus
903 1594 938 1638 ac
957 1575 1072 1636 iudiciis
1097 1577 1148 1656 qui
1168 1593 1247 1636 nune
1268 1583 1338 1636 sunt

225 1661 391 1730 bominum,
412 1661 465 1722 sed
478 1662 514 1722 iis
531 1663 633 1731 etiam,
657 1665 707 1740 qui
722 1661 812 1722 futuri
833 1666 917 1722 suntz
942 1678 1120 1740 quamquam
1137 1658 1256 1720 illorum
1280 1661 1337 1722 erit

164 1751 205 1812 44
226 1747 324 1808 verius
338 1746 492 1815 iudicium,
513 1745 725 1806 obtrectatione
743 1752 773 1806 et
794 1744 995 1807 malevolentia
1008 1743 1177 1807 liberatum.
1205 1744 1337 1824 lienique

223 1829 296 1892 illud
314 1831 401 1892 etiam
422 1829 512 1890 debes
526 1832 665 1908 cogitare,
681 1849 741 1891 non
761 1838 790 1891 te
809 1829 863 1891 tibi
877 1829 932 1890 soli
945 1829 1069 1909 gloriam
1083 1847 1241 1909 quaerere3
1257 1829 1337 1909 quod

223 1916 249 1974 si
264 1921 349 1983 esset,
367 1920 540 1976 tamennon
558 1913 737 1991 negligeres,
760 1916 934 1994 praesertim
951 1933 1018 1976 cum
1032 1913 1218 1992 amplissimis
1231 1931 1336 1975 monu-

223 2001 330 2060 mentis
346 2016 520 2060 consecrare
537 1997 676 2062 voluisses
691 2001 864 2062 memoriam
878 2000 1004 2060 nominis
1018 2001 1075 2067 tui;
1098 1998 1149 2059 sed
1173 2017 1207 2060 ea
1223 1998 1277 2059 tibi
1293 2006 1337 2060 est

224 2084 465 2146 communicanda
479 2101 603 2155 mecum,
620 2084 772 2162 prodenda
783 2083 884 2144 liberis
899 2085 1018 2145 nostris.
1049 2082 1083 2143 ln
1097 2101 1156 2163 quo
1174 2083 1336 2145 cavendum

224 2174 345 2239 estne,
364 2169 389 2228 si
409 2166 604 2247 negligentior
625 2168 731 2238 lueris,
754 2187 816 2230 non
837 2167 934 2230 solum
957 2167 1010 2229 tibi
1030 2186 1136 2247 parurn
1154 2167 1337 2232 constduisse

224 2253 275 2314 sed
292 2255 378 2313 etiam
393 2255 452 2314 tuis
466 2253 604 2314 invidisse
620 2254 754 2315 videaris

163 2342 201 2402 45
308 2337 381 2399 llVl.
416 2339 511 2417 Atque
536 2339 609 2399 haec
634 2358 695 2401 non
719 2359 754 2401 eo
774 2340 926 2408 dicuutur,
953 2345 986 2400 ut
1008 2344 1036 2399 te
1060 2340 1153 2399 oratio
1179 2358 1244 2399 mea
1268 2340 1337 2400 dor·

225 2424 363 2485 micotem
377 2424 532 2493 excitasse,
549 2424 600 2485 sed
615 2426 712 2502 potius
727 2431 760 2485 ut
775 2429 945 2484 currentem
959 2424 1094 2485 incitasse
1109 2424 1250 2485 rideatur.
1280 2424 1336 2485 Fa·

223 2510 282 2569 cies
298 2510 375 2569 euim
391 2515 549 2585 perpetuo,
566 2526 640 2585 quae
663 2508 771 2579 iecisti,
787 2516 821 2569 ut
836 2526 939 2569 omnes
955 2508 1130 2585 aequitatem
1146 2515 1240 2577 tuam,
1263 2516 1336 2570 tem-

221 2595 395 2670 perantiam,
412 2594 594 2653 severitatem
608 2593 864 2672 integritatemque
878 2591 1040 2655 laudarent.
1064 2593 1123 2655 Sed
1134 2612 1182 2655 me
1193 2594 1336 2673 quaedam

221 2791 554 2859 Bellallsbezeugungen.
572 2820 605 2829 -
628 2792 754 2859 artibus]
806 2794 958 2875 quidquam
968 2792 1029 2859 etc]
1041 2791 1232 2845 DerSinnistr
1244 2796 1336 2846 Wenn

222 2866 297 2911 artes
314 2860 480 2912 bezeichnet
498 2860 569 2911 auch
582 2860 628 2912 die
641 2860 754 2913 moreli-
806 2862 851 2913 reb
869 2861 939 2913 auch
957 2877 1010 2912 nur
1027 2867 1128 2911 etwas
1140 2860 1263 2926 Eigeues
1276 2860 1338 2913 biit·

220 2928 305 2979 schen
328 2927 549 2995 Eigeuschaltsn
575 2928 652 2980 eines
675 2928 755 2980 Men·
805 2935 848 2993 te,
867 2946 897 2981 so
914 2927 1012 2980 wfirde
1024 2926 1068 2979 iclr
1081 2926 1132 2979 mit
1143 2926 1194 2979 der
1206 2927 1338 2995 Stellung

222 2994 316 3046 scheri.
346 3039 349 3048 .
805 2994 1338 3057 colriedeuseiu,dieichn1irerwor-

254 3064 295 3113 43.
314 3077 373 3111 mea
390 3078 460 3127 pars
477 3060 581 3111 nemini
597 3089 628 3099 ·-
648 3068 698 3111 tua
711 3078 754 3111 ce·
805 3063 870 3115 ben.
893 3063 1101 3115 s.z.11.18.1.
1116 3089 1148 3098 -
1164 3061 1256 3128 unus]
1276 3062 1337 3115 hier

221 3126 309 3193 teras]
328 3128 431 3179 nemini
450 3144 475 3181 u.
494 3134 595 3178 ceteros
614 3126 659 3179 fiir
676 3129 755 3195 parti
804 3129 834 3181 in
847 3128 1270 3195 derselbeuWeisegebrauebt,
1282 3130 1337 3184 wie

101 3248 109 3266 ⁸
221 3212 248 3246 n.
263 3212 289 3249 u.
300 3202 409 3261 parte-m
420 3208 444 3249 c:
467 3194 551 3247 Diese
562 3194 615 3246 Art
626 3195 753 3261 Braeby-
803 3196 1130 3263 soustzurSteigerung
1144 3197 1219 3249 belm
1231 3199 1338 3268 Super-

220 3262 295 3329 logie
307 3262 397 3315 findet
408 3262 468 3315 sicli
480 3252 634 3315 besonderls
646 3262 694 3314 bei
705 3262 753 3313 Ci-
803 3264 884 3316 lativ.
898 3292 927 3301 —-
941 3264 986 3316 lais
997 3262 1080 3332 solia]
1096 3264 1159 3331 Vgl.
1170 3281 1195 3321 z.
1207 3266 1229 3317 Ι.
1241 3270 1283 3319 18.
1295 3270 1337 3329 113

222 3347 286 3382 cero
311 3330 340 3381 in
364 3329 565 3397 Vergleichen,
591 3329 683 3382 indens
707 3330 754 3383 die
803 3333 852 3400 qui
869 3348 945 3384 nanc
962 3339 1030 3383 sant
1054 3333 1195 3385 bominum
1217 3333 1257 3386 ist
1280 3334 1335 3387 ein

219 3398 407 3465 Eigenscheft
420 3399 468 3451 des
483 3397 563 3450 einen
576 3398 756 3464 Gegensten-
804 3399 915 3467 Begriff
922 3420 958 3446 ε
969 3400 1020 3451 der
1029 3400 1103 3467 jetzt
1114 3400 1338 3454 lebeudenltlen-

221 3466 269 3518 des
288 3465 339 3519 mit
355 3466 416 3517 dem
434 3465 541 3517 andern
554 3466 755 3532 Gegeustaude
805 3468 899 3519 scheu.
923 3497 955 3505 -
979 3470 1027 3519 sed
1050 3466 1103 3536 iis]
1129 3468 1192 3520 eine
1210 3469 1336 3521 fibuliche

220 3534 310 3585 selbst
322 3538 431 3587 enstatt
443 3534 492 3586 mit
504 3534 554 3585 der
566 3532 754 3601 Eigenscbalt
804 3535 994 3602 Brachylogie
1006 3535 1060 3589 wie
1078 3537 1163 3599 oben,
1181 3536 1273 3589 indem
1291 3536 1338 3588 dic

220 3602 369 3653 desselben
382 3600 545 3668 verglicheu
562 3600 643 3652 wird.
666 3602 754 3653 Tusa.
806 3604 914 3655 Persou
927 3604 973 3656 fiir
986 3602 1031 3656 die
1045 3604 1134 3655 Sacbe
1146 3604 1230 3666 stelit,
1242 3626 1278 3650 =
1289 3622 1336 3656 eo-

219 3668 241 3719 Ι.
256 3674 278 3721 1.
315 3669 375 3721 lam
391 3669 455 3734 illa,
477 3686 549 3736 quae
564 3669 685 3720 Romani
702 3685 756 3721 na·
806 3687 866 3722 ruru
879 3670 1006 3723 iudiciis.
1016 3700 1050 3708 —
1067 3670 1193 3737 illorum]
1216 3672 1241 3723 d.
1256 3672 1275 3725 i.
1289 3672 1337 3738 qai

140 3753 151 3767 -’
219 3742 295 3801 tara,
309 3753 365 3786 nan
375 3737 476 3787 litteris
487 3736 607 3788 assecuti
616 3744 692 3803 aunt,
707 3753 755 3787 ne·
802 3739 897 3803 futuri
909 3746 983 3791 sant.

219 3820 271 3869 quc
293 3820 354 3854 cum
371 3803 490 3855 Graecia
508 3820 596 3871 neque
612 3804 673 3856 ulla
691 3820 754 3855 eum

217 3876 297 3935 pente
308 3877 376 3921 sant
387 3873 565 3935 conserenda.
596 3871 674 3923 Fam.
686 3872 754 3924 llll.
836 3875 879 3923 44.
898 3873 972 3939 qaod
988 3872 1013 3923 si
1030 3869 1115 3937 esset]
1135 3872 1163 3924 S.
1181 3888 1205 3923 a.
1224 3871 1260 3923 ΙΙ.
1273 3875 1297 3923 6.
1310 3875 1336 3922 2.
1492 3925 1494 3948 Ι

217 3941 279 3989 4.1.
303 3936 363 4001 Ego
381 3938 595 4004 ipse...facile
610 3940 750 3991 eedotuo-
804 3968 837 3975 —
858 3938 1025 4005 negligeres]
1057 3938 1138 3991 ndml.
1164 3938 1210 3990 fir
1234 3938 1336 3991 deinen

219 4020 281 4054 ram
302 4004 469 4071 scriptoram
489 4006 640 4058 subtilitati
656 4013 683 4058 et
699 4007 752 4058 ele-
801 4006 891 4059 Ruhm
906 4023 940 4058 aa
958 4006 1095 4060 arbeiteu.
1111 4035 1143 4044 —
1157 4024 1218 4057 cum
1233 4007 1337 4058 volcie-

218 4071 343 4137 pantiae.
367 4071 448 4127 Caes.
465 4073 497 4125 B.
511 4074 546 4125 G.
561 4074 607 4129 Vl.
622 4076 663 4139 22,
689 4092 750 4127 cam
801 4092 844 4126 ses
865 4074 904 4128 ist
921 4074 999 4128 nicht
1017 4091 1068 4127 eus
1086 4074 1148 4126 deni
1173 4072 1261 4126 Sinus
1286 4074 1336 4127 des

218 4155 286 4189 suas
303 4139 418 4205 quisque
434 4157 497 4207 opes
518 4158 579 4193 cram
591 4142 752 4209 potentissi—
801 4142 1012 4195 Sebreibenden
1023 4141 1337 4211 gesproehen,souderu

218 4206 269 4257 mis
282 4207 398 4272 aequari
415 4208 516 4260 videat.
538 4236 564 4247 -
585 4212 624 4261 Aa
640 4211 665 4262 si
682 4211 750 4263 milti
801 4210 1077 4264 schliesstsiclrdem
1091 4209 1246 4263 Gedaulien
1264 4212 1336 4264 uaclr
