3000 4650
495 245 498 250 ’
588 275 616 341 o.
634 274 842 330 condicturus.
1217 271 1283 334 207

167 433 350 511 pationibus,
366 440 524 512 propterea
540 436 618 514 quod
633 436 770 497 omnibus
785 438 864 497 curis
877 437 1102 515 rempublicam
1112 438 1184 498 mihi
1195 447 1280 500 tuen-

168 517 236 577 dam
252 518 408 596 putabam,
432 527 493 579 tum
516 519 573 578 boc
587 527 722 597 tempore
737 519 830 581 multo
846 521 988 582 distineor
1002 522 1213 584 vehementius.
1243 525 1281 583 Ut

167 602 246 661 enirn
260 603 377 678 gravius
392 610 545 679 aegrotant
560 604 595 672 ii,
612 606 677 681 qui,
694 603 861 665 cumlevati
873 604 980 664 morbo
997 605 1148 673 videntur,
1165 607 1195 665 in
1211 624 1280 666 eum

111 743 118 756 ,
167 685 204 745 de
218 686 334 762 integro
352 686 534 756 inciderunt,
554 688 597 747 sic
612 687 813 751 vehementius
827 705 882 748 nos
896 687 1077 757 laboramus,
1104 691 1156 767 qui
1179 689 1279 765 proili-

166 774 234 846 gato
259 767 337 829 bello
365 786 400 829 ac
426 787 520 846 paene
546 768 661 831 sublato
684 778 856 832 renovatum
882 771 992 833 bellurn
1009 789 1114 849 gerere
1127 790 1277 849 cogamur.

166 852 224 913 Sed
248 852 322 913 haec
348 852 500 914 hactenus,
530 853 574 914 'lu
598 854 664 923 tibi,
680 857 721 915 mi
738 853 888 923 Cornifici,
905 855 951 916 lac
967 863 1000 917 ut
1019 856 1198 935 persuadeas
1215 874 1275 916 non
1298 864 1320 925 3

165 953 231 1013 esse
245 954 293 996 me
306 944 368 997 tam
382 936 529 998 imbecillo
545 938 658 1008 animo,
683 956 722 999 ne
743 938 839 998 dicam
859 939 1034 1009 inhumano,
1059 948 1128 1000 uta
1148 948 1178 1000 te
1199 941 1276 1000 vinci

164 1021 276 1098 possim
292 1027 343 1080 aut
357 1021 460 1081 oldoiis
475 1029 525 1081 aut
541 1038 650 1082 amore.
681 1021 747 1081 Non
769 1022 938 1083 dubitabam
960 1023 1110 1102 equidem,
1131 1031 1278 1084 verumta-

165 1121 234 1164 men
249 1104 340 1165 multo
355 1104 429 1163 mihi
443 1106 588 1165 notiorem
603 1123 736 1166 amorem
748 1112 832 1166 tuum
849 1107 947 1168 eilecit
966 1106 1158 1184 Chaerippus,
1182 1106 1205 1167 0
1224 1108 1277 1166 bo·
1366 1147 1371 1152 x
1470 1119 1479 1134 '

164 1188 288 1253 minem,
305 1205 422 1265 semper
432 1185 516 1248 illurn
527 1187 646 1267 quidem
658 1190 730 1249 mihi
740 1198 850 1266 aptum,
866 1208 946 1251 nuuc
956 1208 1026 1251 vero
1038 1191 1126 1251 etiam
1144 1192 1276 1251 suavem!

164 1270 269 1331 Vultus
285 1269 454 1331 mehercule
467 1278 534 1331 tuos
555 1273 625 1332 mihi
649 1275 794 1351 expressit
816 1289 932 1343 omnem
953 1290 1013 1333 non
1034 1273 1128 1335 solum
1149 1276 1279 1334 animum

164 1373 200 1415 ac
214 1354 305 1415 verba
320 1353 448 1431 pertulit.
478 1354 579 1433 ltaque
594 1353 655 1415 noli
669 1358 781 1426 vereri,
802 1374 841 1417 ne
861 1357 916 1417 tibi
937 1359 1173 1427 suscensuerim,
1198 1356 1278 1434 quod

164 1438 270 1499 eodem
291 1436 425 1514 exemplo
448 1437 485 1498 ad
504 1456 568 1507 me,
590 1439 706 1517 quoad
727 1446 852 1501 ceteros.
884 1440 1033 1525 Requisiyi
1055 1441 1191 1520 equidem
1208 1458 1277 1517 pro·

164 1523 245 1601 prias
260 1522 296 1582 ad
312 1539 360 1582 me
373 1539 466 1581 unum
484 1540 500 1583 a
516 1530 546 1583 te
563 1521 690 1592 litteras,
707 1524 758 1583 sed
774 1541 873 1600 neque
886 1523 1075 1584 vehementer
1090 1530 1119 1583 et
1133 1529 1274 1583 amanter.

161 1606 208 1667 lle
222 1614 357 1683 sumptu,
373 1623 461 1684 quem
476 1614 506 1666 te
523 1607 634 1667 iurem
648 1605 803 1667 militarem
816 1608 915 1667 iacere
931 1613 960 1666 et
973 1607 1079 1668 fecisse
1096 1607 1183 1675 dicis,
1202 1606 1274 1665 nibil
1295 1600 1316 1659 4

164 1706 235 1750 sane
260 1706 380 1766 possum
403 1688 457 1749 tibi
483 1689 644 1767 opitulari,
662 1697 822 1768 propterea
848 1689 926 1768 quod
948 1697 977 1750 et
992 1689 1083 1750 orbus
1098 1697 1143 1749 est
1157 1696 1276 1751 senatus

165 1772 336 1834 consulibus
360 1773 490 1843 amissis,
517 1780 546 1833 et
568 1772 759 1835 incredibiles
783 1776 935 1851 angustiae
959 1775 1103 1852 pecuniae
1129 1771 1275 1852 publicae,

164 1875 239 1935 quae
255 1857 440 1936 conquiritur
453 1857 598 1936 undique,
613 1864 647 1918 ut
659 1859 768 1936 optime
783 1857 896 1918 meritis
911 1856 1050 1918 militibus
1059 1852 1205 1935 promissa
1217 1854 1274 1916 sol·

162 1949 284 2010 rantum
312 1940 392 2019 quod
418 1942 537 2020 quidem
563 1941 628 2002 heri
652 1942 716 2003 sine
734 1940 846 2002 tributo
870 1959 958 2019 posse
982 1958 1042 2001 non
1064 1939 1203 2001 arbitror.
1233 1939 1277 1999 De
1297 1953 1317 2012 5

162 2024 240 2085 Attio
255 2024 393 2104 Dionysio
407 2023 481 2084 nihil
496 2032 567 2101 puto
583 2042 665 2095 asse,
686 2026 824 2103 quoniam
844 2023 917 2084 mihi
932 2023 1004 2084 nihil
1019 2024 1090 2084 dirit
1105 2024 1274 2085 Stratorius.

164 2107 207 2168 De
220 2108 253 2170 P.
271 2109 398 2169 Lucceio
412 2106 485 2167 nihil
500 2107 553 2167 tibi
582 2108 729 2180 concedo,
757 2126 816 2187 quo
842 2108 1000 2169 studiosior
1024 2108 1086 2168 eius
1109 2108 1164 2175 sis,
1189 2124 1276 2185 quam

165 2208 220 2268 ego
242 2208 324 2259 sum;
352 2197 397 2250 est
426 2192 506 2251 enirn
529 2191 615 2251 nobis
630 2194 824 2253 necessarius.
857 2191 915 2252 Sed
930 2210 947 2251 a
962 2192 1111 2270 magistris
1123 2208 1191 2268 cum
1207 2207 1277 2250 cou-
1343 2209 1353 2230 ’-

163 2273 317 2336 tenderem
344 2273 382 2335 de
407 2276 588 2354 proferendo
605 2275 666 2347 die,
692 2275 858 2356 probarunt
883 2275 955 2337 mihi
970 2292 1051 2345 sese,
1078 2276 1234 2352 quominus
1248 2273 1277 2334 id

165 2359 313 2427 facerent,
330 2366 359 2419 et
374 2361 586 2437 compromisso
597 2366 626 2422 et
640 2361 705 2437 iure
724 2361 848 2421 iurando
863 2360 1009 2438 impediri.
1043 2359 1140 2431 Quare
1159 2361 1277 2419 venien-

167 2444 238 2504 dum
253 2441 381 2503 arbitror
396 2443 533 2504 Lucceio.
568 2442 770 2524 Quamquam,
795 2445 909 2504 si'meis
922 2444 1028 2505 litteris
1054 2442 1276 2519 obtemperavit,
1387 2456 1398 2467 ²

166 2546 234 2588 curn
248 2534 282 2587 tu
295 2525 369 2587 haec
383 2525 479 2604 loges,
495 2526 577 2588 illum
593 2527 704 2589 Romae
720 2547 785 2590 esse
803 2526 960 2606 oportebit.
990 2526 1101 2588 Ceteris
1123 2526 1160 2586 de
1182 2525 1273 2586 rebus
1295 2535 1315 2594 6

199 2679 225 2726 2.
249 2668 426 2742 inciderunt]
454 2675 532 2728 nicht
554 2676 693 2742 incidunt,
746 2674 1010 2741 erhobenwordeu‚
1024 2674 1278 2740 dedieAusgabeu

165 2742 202 2794 da
214 2750 405 2809 aegrotare:-
416 2744 507 2794 kraulc
524 2744 605 2795 sein.
630 2744 694 2810 Vgl.
747 2760 799 2796 ans
821 2744 876 2796 deu
893 2743 1031 2810 Abgaben
1048 2742 1099 2795 der
1115 2741 1277 2793 Provinzen

164 2809 235 2861 iiber
263 2810 343 2862 disse
369 2809 564 2875 Geuauigkeit
590 2811 620 2862 iu
645 2811 696 2863 der
746 2810 1040 2863 bestritterrwurdeu.

165 2876 421 2943 Zeitbestimmuug
436 2894 460 2929 z.
480 2878 548 2929 1111.
568 2880 608 2928 12.
627 2882 651 2929 3.
661 2904 696 2916 -
781 2881 806 2929 5.
818 2878 896 2929 Attio
908 2875 984 2929 Dion
1003 2874 1059 2942 sio]
1075 2876 1104 2928 S.
1116 2891 1143 2926 z.
1154 2873 1221 2928 1111.
1234 2877 1277 2927 23.

162 2941 336 3011 profliputo]
365 2943 522 3008 Prostipure
550 2944 590 2995 ist
620 2945 696 2994 ‘dem
746 2944 850 2997 a—P.
862 2895 1090 3022 Lucceiofsonst
1101 2941 1275 2993 unbekannt.

165 3009 247 3061 Euda
269 3011 343 3061 nabe
366 3010 495 3075 brioqen,
525 3011 594 3063 aber
619 3010 697 3062 nicht
746 3011 789 3062 Er
806 3027 867 3063 war
884 3011 945 3062 dem
957 3009 1057 3062 Cicero
1080 3026 1138 3061 von
1154 3007 1278 3060 Cornifi-

165 3075 694 3144 beendiqeu,wofdrpcrfioere’;(Krebs
747 3077 808 3130 cius
826 3077 994 3146 empfohleo.
1018 3078 1056 3130 So
1072 3076 1131 3128 viel
1149 3075 1210 3129 sich
1227 3090 1277 3127 aus
1316 3134 1319 3139 ⁴

164 3144 246 3209 Aut.)
259 3144 359 3196 dslrer:
373 3162 407 3195 ac
416 3161 506 3212 possse
518 3146 638 3198 sublato.
746 3144 842 3197 dieser
872 3144 960 3198 Stella
975 3185 980 3192 .
994 3144 1160 3197 vermuthen
1195 3142 1276 3205 lieet,

198 3216 223 3263 3.
248 3210 351 3276 effecit]
379 3210 500 3276 Efficere
516 3212 564 3264 fiir
581 3213 696 3264 reddere
747 3211 826 3264 hatte
842 3211 983 3278 Lucoejus
1000 3211 1047 3263 bei
1064 3210 1156 3262 einum
1169 3209 1277 3261 Strelte

164 3293 216 3329 zur
246 3277 417 3344 Audentung
447 3279 497 3330 der
520 3278 618 3343 Mdhe,
649 3279 695 3331 die
747 3279 818 3331 saber
843 3278 935 3330 Girter
959 3278 1010 3329 mit
1033 3277 1139 3329 selueru
1163 3277 1277 3341 Geguer

165 3344 343 3412 Chaerippus
356 3345 534 3410 aufwaudte,
548 3361 593 3397 um
603 3346 635 3412 ja
647 3362 696 3413 ge·
746 3345 807 3397 sich
820 3345 904 3397 dobin
921 3343 1059 3411 gecioigt‚
1082 3344 1147 3395 dass
1160 3342 1205 3393 die
1219 3342 1278 3392 Gri-

165 3428 220 3463 nau
233 3411 279 3463 die
292 3410 460 3492 Gesinnung
477 3412 627 3478 (animum)
646 3413 695 3465 des
746 3418 793 3465 ter
810 3410 955 3464 dffentlich
972 3409 1145 3476 vsrstsigert
1161 3409 1277 3460 werden

135 3485 146 3575 ἑ
164 3478 336 3530 Cornificius
350 3494 385 3529 zu
397 3478 548 3531 schrlderu.
558 3504 591 3516 —
603 3481 697 3560 podem
747 3479 861 3559 sollteu.
887 3477 938 3530 Als
957 3478 1033 3558 ‚ahor
1055 3478 1106 3529 der
1122 3474 1276 3527 Auctious-

137 3544 696 3665 ‘ttttll'lillumillum?
746 3553 851 3664 till?
860 3546 1277 3663 tltztbaltttlirlte

144 3680 194 3751 =qiu
207 3679 278 3731 Rom
295 3679 523 3746 gleichlauteude
534 3679 632 3732 Briefe
645 3697 695 3746 ge·
746 3681 818 3743 ben3
843 3679 912 3731 aber
933 3678 1035 3730 Cicero
1059 3674 1277 3729 nuterhandelte

146 3745 282 3839 {schickt
308 3773 341 3783 -
362 3746 509 3815 proprius]
533 3746 695 3814 Gegensctz
746 3747 904 3813 vergebens
917 3741 1276 3797 mitdenhuctious·00m-

166 3828 201 3864 zu
218 3814 310 3864 codem
326 3815 456 3880 exemplo.
480 3812 695 3880 Vgl.z.1.4.1.
746 3812 896 3866 missarieu
924 3810 1096 3878 (mapistrs').
1138 3808 1276 3863 Desshalb
1316 3856 1325 3864 ,

197 3883 224 3932 4.
246 3878 290 3931 Dc
306 3878 435 3947 sumptu]
461 3881 491 3933 S.
510 3897 534 3932 2.
551 3880 573 3934 Ι.
587 3884 611 3935 1.
622 3883 695 3931 4.-
747 3880 826 3933 hatte
854 3896 886 3932 er
925 3879 1065 3946 Lucceius
1084 3875 1197 3929 schoa
1216 3877 1277 3928 irri-

164 3944 391 4066 ff‘fmemffltif]
404 3946 442 3998 im
454 3946 695 4027 mutinensigchsn
747 3947 798 4000 her
810 3946 1016 4013 sufgefordert,
1029 3944 1119 4026 selbst
1129 3943 1277 4023 uachqu

163 4013 696 4148 attilaas'ttditthibtlti
746 4009 1277 4147 {bibulus-„ttatttbt'f

164 4146 285 4229 Krieges
310 4146 400 4200 durch
422 4147 559 4201 Aemilius
576 4148 695 4201 Paullus
745 4148 833 4199 :ich
843 4147 908 4214 pede
919 4147 1050 4212 sicurae,
1063 4146 1131 4197 dosa
1143 4143 1192 4197 Du
1204 4143 1277 4194 anob

164 4214 610 4270 warmltalienkein'rributum
619 4214 696 4267 mehr
745 4213 974 4268 nurumEtwcs.
