3000 4650
551 255 874 328 qaumuscrcueo.
1222 250 1263 317 4⁶1

159 441 226 486 cum
241 423 271 486 id
289 422 360 484 mihi
374 425 559 504 propositum
578 423 660 486 initio
675 441 735 485 non
757 424 867 485 luisset.
914 422 988 492 Quid
1007 425 1087 485 enim
1108 425 1134 485 ei
1148 426 1262 503 praeci-

159 509 252 588 piam,
269 528 357 590 quem
373 525 428 587 ego
443 510 470 570 in
483 509 541 570 hoc
555 510 728 588 praesertim
741 527 849 588 genere
862 507 1023 586 intelligam
1035 509 1189 588 prudentia
1202 528 1264 572 uon

159 612 222 655 esse
236 595 408 656 inferiorem
424 611 511 672 quam
532 613 595 665 me,
612 613 667 656 usu
683 613 753 656 vero
769 596 855 655 etiam
871 595 1071 674 superiorem?
1092 594 1150 656 Sed
1165 602 1263 657 tamen

158 679 182 740 si
198 679 234 739 ad
253 697 300 750 ea,
323 697 399 758 quae
416 679 543 750 faceres,
568 680 725 740 auctoritas
739 679 893 740 accederet
908 698 987 752 mea,
1010 679 1060 740 tibi
1076 680 1132 758 ipsi
1146 679 1193 740 illa
1208 698 1263 758 pu·

157 764 214 824 tavi
228 764 292 826 iore
306 763 489 835 iucundiora,
533 765 630 836 Quare
651 765 708 824 sint
723 764 797 826 baec
811 764 1001 826 fundamenta
1015 765 1162 843 dignitatis
1178 771 1261 826 tuae:

158 856 205 909 tua
220 849 349 928 primum
364 850 515 927 integritas
537 858 566 912 et
585 851 777 919 continentia,
799 849 905 911 deinde
927 851 1072 920 omnium,
1096 851 1145 929 qui
1164 856 1262 911 tecum

157 941 241 1004 sunt,
257 933 367 1012 pudor,
384 933 514 996 delectus
528 935 559 996 in
575 933 821 996 familiaritatibus
837 941 867 994 ct
880 933 1100 1014 provincialium
1110 935 1263 996 homiuum

158 1027 187 1078 et
207 1019 388 1081 Graecorum
409 1025 568 1098 percautus
586 1028 618 1081 et
638 1019 777 1097 diligens,
804 1018 929 1080 familiae
957 1021 1054 1097 gravis
1078 1028 1106 1080 et
1126 1026 1262 1081 constans

158 1101 319 1182 disciplina.
351 1103 432 1176 Quae
443 1123 510 1166 oum
521 1103 641 1166 honesta
653 1105 711 1164 sint
722 1105 752 1164 in
762 1104 808 1179 bis
818 1105 939 1182 privatis
950 1107 1060 1166 uostris
1071 1105 1259 1184 quotidianis·
1282 1111 1322 1174 19

157 1206 214 1267 que
232 1187 403 1258 rationibus,
421 1189 451 1250 in
465 1196 545 1250 tanto
558 1189 691 1268 imperio,
712 1195 771 1250 mm
785 1184 948 1268 depravatis
962 1189 1104 1261 moribus,
1120 1198 1180 1251 tam
1196 1208 1262 1250 cor·

157 1273 287 1351 ruptrioe
301 1273 452 1351 provincia
468 1274 561 1335 divim
575 1275 728 1336 videantur
742 1291 863 1336 necesse
878 1281 932 1337 est.
964 1273 1046 1337 Haec
1059 1276 1202 1337 institutio
1219 1282 1262 1334 ai·

156 1375 214 1438 quc
228 1357 302 1421 baec
314 1357 464 1437 disciplina
479 1365 576 1438 potest
589 1359 733 1422 sustinere
744 1361 776 1419 in
788 1358 878 1421 rebus
889 1361 1049 1421 statuendis
1061 1360 1262 1429 etdecernen·

157 1443 202 1502 dis
217 1461 281 1502 eam
297 1445 496 1516 severitatem,
520 1462 576 1524 qua
592 1450 623 1506 tu
642 1445 723 1506 iniis
743 1443 834 1507 rebus
848 1463 919 1507 usus
934 1465 981 1515 ee,
1004 1464 1040 1506 ex
1061 1445 1168 1524 quibus
1188 1462 1261 1504 uou-

156 1524 251 1588 nullas
265 1527 426 1593 simultates
441 1547 507 1593 cum
524 1545 628 1607 magua
644 1547 709 1590 mea
725 1526 833 1589 laetitia
854 1536 1005 1608 susceptas
1025 1529 1182 1590 habemus:
1203 1530 1262 1588 nisi

155 1612 231 1674 iorte
250 1631 298 1674 me
313 1613 432 1674 Paconii
447 1615 546 1677 nescio
562 1614 654 1685 cuius,
676 1613 804 1675 hominis
820 1630 859 1675 ne
874 1615 980 1677 Graeci
1000 1613 1118 1692 quidem
1140 1633 1174 1675 ac
1189 1614 1261 1692 Mysi

156 1703 205 1758 aut
226 1697 348 1777 Phrygis
369 1699 479 1777 potius,
504 1698 631 1776 querelis
652 1699 763 1760 moveri
782 1705 868 1778 putas
888 1706 938 1760 aut
958 1699 1108 1769 Tusceuii,
1135 1698 1262 1758 hominis

156 1781 258 1842 furiosi
279 1800 315 1843 ac
335 1783 458 1855 sordidi,
481 1783 614 1853 vocibus,
636 1785 718 1844 cuius
738 1789 771 1845 tu
792 1803 828 1845 ex
846 1785 1048 1864 impurissimis
1066 1781 1201 1844 saucibus
1215 1783 1259 1843 in·

156 1866 392 1932 honestissimam
409 1867 597 1946 cupiditatem
612 1869 743 1948 eripuisti
758 1887 870 1930 summa
886 1887 954 1930 cum
968 1870 1137 1948 aequitate«

239 1985 299 2048 Vll.
322 1985 401 2048 Haec
416 1995 445 2046 et
459 1993 557 2048 cetera
571 1986 657 2067 plena
672 1987 846 2060 severitatis,
859 2006 934 2066 quae
947 1987 1073 2049 statuisti
1082 1988 1113 2047 in
1124 1988 1176 2047 ista
1189 2003 1258 2064 pro·
1280 1990 1321 2051 20

155 2071 263 2141 vincia,
286 2089 346 2132 non
367 2070 452 2134 facile
471 2074 535 2133 siue
554 2091 665 2134 summa
687 2074 853 2151 integritate
867 2073 1095 2141 sustineremus;
1117 2088 1208 2150 qnare
1223 2071 1260 2130 sit

155 2171 268 2216 summa
283 2157 314 2214 in
328 2157 392 2217 iure
407 2157 535 2218 dicundo
550 2158 701 2226 severitas,
725 2158 884 2218 dummodo
904 2176 939 2218 ea
960 2175 998 2218 ne
1012 2159 1141 2218 varietur
1155 2156 1257 2234 gratia,

155 2241 206 2300 sed
223 2248 411 2302 conservetur
428 2241 596 2320 aequabilis.
630 2242 688 2305 Sed
702 2239 802 2303 'tamen
821 2244 905 2321 parvi
917 2243 1010 2304 refert
1026 2241 1079 2302 abs
1093 2249 1122 2302 te
1136 2243 1200 2319 ipso
1214 2242 1260 2300 ius

157 2325 214 2385 dici
229 2325 420 2404 aequabiliter
436 2335 465 2388 et
480 2326 649 2405 diligenter,
673 2328 728 2388 nisi
743 2328 820 2389 idem
838 2327 875 2388 ab
891 2329 926 2388 iis
942 2328 1006 2397 bet,
1029 2326 1135 2406 quibus
1148 2334 1180 2388 tu
1197 2328 1259 2387 eius

155 2412 289 2471 muneris
305 2408 430 2488 aliquam
445 2419 559 2490 partem
576 2414 765 2473 concesseris.
795 2412 838 2473 Ac
852 2412 924 2473 mibi
938 2412 1057 2492 quidem
1073 2412 1187 2472 videtur
1200 2429 1260 2470 non

155 2510 226 2553 sane
243 2510 348 2571 magna
371 2496 494 2556 varietas
515 2514 579 2556 esse
599 2498 784 2574 negotiorum
805 2498 835 2557 iu
855 2497 1085 2558 administranda
1100 2497 1181 2566 Asia,
1206 2495 1257 2555 sed

156 2595 190 2638 ea
205 2584 265 2639 tota
280 2578 480 2641 iurisdictione
494 2582 619 2642 maxime
634 2582 781 2645 sustiueri.
811 2581 844 2643 lu
859 2600 918 2663 qua
933 2583 1073 2643 scientiae
1086 2582 1259 2659 praesertim

153 2662 342 2743 provincialis
361 2664 436 2725 ratio
456 2666 518 2745 ipsa
539 2665 671 2746 expedita
698 2674 758 2729 est:
781 2669 945 2729 constantia
970 2674 1015 2730 est
1041 2665 1207 2729 adhibenda
1231 2672 1260 2725 et

153 2862 206 2917 in's
218 2865 335 2919 bebecre.
348 2852 380 2905 '-
393 2867 554 2934 percautus]
568 2868 597 2923 S.
607 2885 631 2925 a.
644 2869 681 2924 11.
732 2869 767 2921 de
776 2868 1116 2938 Tbitiglieitfflegierde)
1126 2868 1202 2921 steht
1212 2866 1260 2919 for

153 2936 192 2986 15.
207 2937 229 2986 1.
384 2994 387 3003 ,
731 2936 975 3004 denGegenstsud
985 2938 1079 2989 dieser
1087 2935 1261 3003 Thiitiglceit.

731 3004 814 3057 Alsa:
832 3006 917 3071 ,dem
934 3007 973 3057 du
990 3006 1060 3056 olene
1076 3005 1130 3055 alle
1146 3004 1260 3055 Recbts-

730 3074 891 3139 verletzunp
908 3074 960 3125 den
977 3072 1153 3139 chenstond
1169 3070 1260 3122 seiam

152 3169 221 3221 auch
238 3170 268 3223 iu
285 3170 385 3223 deinen
402 3170 613 3238 Anordnungen
632 3170 680 3237 (iu
730 3141 952 3192 'mmmmm
970 3140 1102 3205 werde
1124 3156 1177 3219 (Ψ
1200 3140 1260 3233 ἅθ’ζξ

730 3209 892 3260 unsaubern
937 3208 1051 3259 Rusbeas
1100 3223 1234 3272 pecassent.

150 3237 232 3288 rebus
259 3239 433 3305 statuendis)
464 3238 520 3290 und
548 3235 679 3291 Richter·
881 3276 893 3287 .
1105 3275 1112 3288 .

150 3302 289 3370 sprdclaen
299 3304 680 3373 (decernendis)diestrsnge
731 3274 1052 3411 &gfdbiffalfffflfbffhg
1064 3273 1259 3393 ἓωληξωὲῗιέ

151 3370 351 3438 durcbsetaen,
372 3374 478 3425 welche
498 3389 525 3425 u.
547 3391 569 3425 s.
590 3392 625 3425 w.
648 3402 679 3411 —
734 3410 787 3425 .·
888 3410 894 3422 ·
1015 3409 1022 3422 ·
1143 3410 1150 3421 ·
1224 3428 1259 3439 -

150 3436 679 3501 Quintusbattedurchseineunnacb-
729 3411 1069 3476 '⁷¹⁸¹9'¹⁶⁰d¹“m⁰mm¹⁴m
1077 3410 1259 3461 ''mmm'‘

149 3505 269 3575 sicbtige
290 3507 411 3575 Strenge
432 3508 491 3560 sich
511 3508 601 3561 selbot
622 3510 679 3562 und
730 3476 915 3597 Gegffimnd
932 3477 980 3529 ‘¹⁰⁵
997 3476 1111 3532 Ham&
1135 3476 1198 3543 vgl·
1213 3477 1258 3528 οὗ·
1285 3549 1287 3556 .

148 3573 254 3632 seineru
266 3574 678 3629 BruderFeindscbaiteuau-
728 3549 782 3610 Μ
829 3583 837 3597 ·

149 3657 284 3762 gangen,
303 3660 334 3695 so
348 3642 394 3695 die
407 3643 456 3695 des
469 3643 608 3696 Paconius
623 3646 679 3697 und

169 3726 198 3763 es
211 3709 381 3763 Tuscenius.
398 3739 430 3747 -
443 3726 515 3763 susc.
528 3712 659 3764 babemus

186 3038 227 3088 19.
245 3034 322 3087 Haec
333 3034 400 3087 inst.
413 3033 473 3101 ete]
486 3034 543 3086 Der
549 3034 620 3087 sinn
633 3036 679 3087 ist:

152 3100 203 3153 Bei
226 3101 330 3155 diesem
352 3103 494 3170 Betragen
517 3103 623 3155 ksnost
643 3104 679 3155 du

763 3679 826 3731 Vll.
845 3677 1022 3745 DieStrenpe
1036 3681 1097 3731 und
1110 3679 1257 3747 Unpartei·

728 3747 840 3800 liclilres't
855 3748 893 3799 im
904 3748 1031 3799 Gericbts
1044 3764 1121 3801 muse
1136 3748 1187 3801 mit·
1197 3748 1258 3802 Hu-

149 3778 177 3829 s'
191 3794 215 3831 Ζ·
229 3778 252 3830 I‘
265 3782 290 3833 ⁷¹
304 3782 326 3829 1'
345 3806 378 3816 ”“
394 3796 429 3831 ⁷¹⁶
445 3806 478 3815 -.
489 3780 612 3845 quidem’
627 3798 659 3831 “⁶
727 3816 848 3868 mouitdt
858 3816 1017 3868 verbunden
1029 3816 1100 3869 scin.

148 3844 205 3897 Der
230 3847 389 3913 Gegensatz
418 3846 496 3904 eines
526 3846 678 3916 negativen

148 3913 247 3966 Satues
267 3913 339 3966 wird
360 3921 431 3967 statt
451 3915 539 3967 durch
560 3916 608 3967 sed
627 3931 677 3967 zu·
761 3921 802 3971 20.
820 3915 851 3968 in
862 3917 919 3967 istc
928 3916 1020 3985 prom]
1033 3917 1064 3969 in
1074 3918 1122 3968 der
1131 3918 1257 3983 dortiqen

147 3982 247 4035 weilsn
262 3980 349 4034 durch
359 3982 520 4051 copulative
529 3982 678 4035 Partikeln
727 4006 762 4031 ε
781 3985 812 4035 in
829 3984 923 4037 deiner
936 3985 1066 4037 Procius.
1081 4014 1114 4021 —
1130 4002 1165 4036 ec
1179 3983 1255 4052 toto]

148 4048 188 4101 uls
202 4048 488 4119 eiufacbeBejabung
504 4050 678 4119 singeleitet.
727 4052 768 4105 ist
790 4053 842 4103 aui
862 4052 1034 4118 asperiorum
1056 4069 1091 4104 aa
1113 4052 1257 4107 beaiebeu.

146 4116 472 4187 -MysiuutPltrypls]
487 4118 676 4171 Beidestem-
728 4148 759 4155 -—
773 4118 920 4184 scientiae]
939 4118 965 4171 d.
983 4120 1002 4171 i.
1020 4120 1091 4172 iuris
1109 4118 1256 4184 scientiae,
1290 4139 1292 4144 ·

148 4186 677 4253 taenareosebrverscbtet.—-cupidi-
728 4186 773 4239 dis
791 4186 820 4239 iu
838 4187 888 4239 der
906 4187 1043 4253 Preciae,
1062 4205 1105 4241 wo
1121 4187 1171 4239 das
1184 4188 1256 4240 Ver·

146 4252 298 4320 tutemJDie
311 4254 338 4305 in
352 4253 677 4320 derPersonvorgeben-
728 4254 826 4308 iabren
849 4253 961 4307 einiaclr
981 4272 1055 4321 war,
1077 4254 1205 4321 gemigte.
1221 4278 1256 4292 -
