3000 4650
255 243 297 312 46
669 254 727 319 tur.
743 253 762 312 1.
778 254 879 312 uersu.
896 257 936 312 rs.

256 437 357 481 onmes
378 421 438 482 rias
458 421 601 498 pecuniae
621 430 732 482 norunt
752 428 782 482 et
808 423 904 482 omnia
926 420 1069 500 pecuniae
1090 436 1175 482 cansa
1195 417 1306 482 iaciunt
1321 424 1359 489 et,

255 505 373 584 quicum
396 506 498 568 victuri
517 523 575 568 non
595 512 677 575 sunt,
699 509 761 568 eius
781 507 986 571 existimationi
1002 503 1156 566 consulere
1171 522 1230 566 non
1247 511 1359 566 curant.

195 596 235 656 16
257 591 351 670 Atque
367 591 453 652 etiam
470 609 486 652 e
503 591 623 652 Graecis
643 593 713 670 ipsis
735 591 889 670 diligenter
912 591 1057 652 cavendae
1077 596 1146 650 sunt
1159 591 1303 670 quaedam
1318 589 1360 650 la·

255 672 436 737 miliaritates
459 683 577 756 praeter
602 676 754 738 hominum
782 694 1015 756 perpaucorum,
1044 676 1145 754 siqui
1170 682 1239 734 sunt
1262 680 1361 735 vetere

255 760 377 822 Graecia
394 761 482 839 digni.
512 761 561 822 Sic
575 779 659 831 vero,
675 761 793 823 fallaces
807 767 876 824 sunt
890 760 1028 839 permulti
1043 767 1072 821 et
1086 759 1164 822 leves
1179 770 1208 820 et
1223 758 1360 823 diuturna

254 847 392 906 servitute
407 845 443 906 ad
459 846 576 906 nimiam
590 848 818 908 assentationem
834 847 948 908 eruditi.
978 845 1057 917 Quos
1073 863 1127 922 ego
1143 846 1296 905 universos
1310 842 1360 904 ad·

255 928 352 990 hiberi
368 927 544 998 liberaliter,
561 933 703 1008 optimum
718 950 865 1011 quemque
881 932 1007 1008 hospitio
1022 931 1206 1009 amicitiaque
1222 930 1360 1008 coniungi

255 1013 321 1075 dico
344 1023 497 1094 oportere;
517 1017 623 1076 nimiae
644 1015 854 1079 familiaritates
877 1034 981 1077 eorum
996 1033 1091 1094 neque
1106 1023 1164 1074 tam
1179 1013 1279 1075 fideles
1294 1023 1362 1074 sunt

258 1133 292 1142 -
311 1100 463 1160 nonenim
480 1100 588 1162 audent
602 1101 749 1162 adversari
764 1102 872 1164 nostris
893 1099 1091 1167 voluntatibus
1108 1135 1160 1169 -,
1182 1108 1210 1160 et
1232 1099 1362 1160 invident

254 1201 314 1244 non
329 1185 438 1245 nostris
453 1183 563 1256 solum,
579 1203 681 1247 verum
697 1187 785 1247 etiam
798 1187 868 1247 suis.

194 1277 232 1336 17
340 1268 385 1330 Vl.
409 1267 468 1330 lam
481 1271 530 1350 qui
545 1271 574 1332 in
591 1271 733 1332 eiusmodi
746 1269 852 1339 rebus,
869 1272 899 1331 in
915 1268 1022 1347 quibus
1037 1287 1141 1331 vercor
1156 1270 1242 1330 etiam
1257 1285 1295 1328 ne
1307 1267 1361 1330 du·

255 1353 317 1414 rior
338 1354 408 1423 sim,
431 1363 533 1416 cautus
553 1371 616 1415 esse
641 1355 727 1416 velim
748 1374 783 1416 ac
806 1355 943 1434 diligens,
966 1371 1092 1431 quomo
1113 1355 1209 1415 animo
1225 1353 1361 1414 inservis

256 1455 320 1498 esse
336 1439 456 1500 censes?
470 1456 545 1518 quos
559 1438 677 1520 quidem
694 1458 760 1500 cum
776 1440 912 1501 omnibus
926 1441 955 1499 in
968 1437 1055 1509 locis,
1079 1446 1140 1499 turn
1157 1439 1316 1518 praecipue
1330 1439 1361 1497 in

254 1523 414 1600 provinciis
428 1540 533 1600 regere
547 1523 698 1585 debemus.
728 1522 794 1594 Quo
806 1526 842 1586 de
854 1542 962 1604 genere
977 1521 1067 1584 multa
1083 1524 1215 1602 praecipi
1228 1529 1359 1602 possunt,

255 1606 306 1667 sed
322 1606 379 1668 hoc
401 1615 430 1670 et
444 1607 648 1670 brevissimum
663 1615 707 1670 est
722 1618 752 1672 et
766 1609 904 1672 lacillime
920 1609 1015 1670 teneri
1032 1615 1143 1686 potest,
1160 1616 1193 1668 nt
1206 1609 1245 1668 ita
1261 1624 1292 1668 se
1310 1624 1361 1684 ge·

255 1697 328 1753 rant·
341 1694 371 1753 in
386 1695 449 1754 istis
465 1693 596 1754 Asiaticis
610 1694 778 1765 itineribus,
801 1701 833 1757 ut
850 1695 874 1756 si
889 1696 945 1756 iter
960 1694 1052 1773 Appia
1072 1695 1117 1753 via
1139 1692 1267 1762 iaceres,
1288 1709 1361 1753 neve

254 1778 395 1838 interesse
417 1777 575 1858 quidquam
600 1785 720 1858 putent,
751 1787 850 1841 utrum
870 1778 983 1840 'l'ralles
1005 1796 1042 1839 an
1065 1777 1198 1838 Formias
1217 1779 1359 1838 venerint.

254 1862 297 1920 Ae
311 1863 335 1922 si
350 1865 415 1941 quis
430 1871 474 1924 est
495 1882 530 1923 ex
550 1865 642 1924 servis
661 1865 778 1944 egregie
799 1862 907 1936 fidelis,
928 1864 1015 1925 sitin
1035 1863 1201 1930 domesticis
1221 1861 1311 1923 rebus
1332 1870 1362 1922 et

254 1947 388 2025 privatis;
408 1965 484 2025 quae
501 1965 550 2008 res
567 1948 602 2009 ad
618 1948 748 2010 cilicium
764 1950 880 2029 imperii
894 1951 937 2010 tui
952 1956 1038 2028 atque
1053 1947 1089 2008 ad
1105 1947 1231 2029 aliquam
1247 1955 1359 2026 partem

254 2033 299 2091 rei
320 2030 454 2110 publicae
474 2030 677 2113 pertinebunt,
705 2035 741 2095 de
766 2034 813 2096 his
834 2034 925 2096 rebus
945 2052 982 2094 ne
1005 2034 1075 2113 quid
1097 2034 1228 2113 attingat.
1271 2030 1361 2092 Multa

254 2116 347 2184 enim,
365 2133 440 2194 quae
454 2126 533 2178 recte
549 2119 686 2178 committi
702 2120 794 2180 servis
804 2119 939 2181 fidelibus
949 2126 1086 2198 possunt,
1105 2124 1202 2179 tamen
1215 2118 1360 2180 sermonis

194 2206 233 2269 18
257 2207 286 2260 et
303 2201 525 2280 vituperationis
550 2203 681 2264 vitandae
705 2223 792 2265 causa
814 2204 1019 2265 committenda
1043 2221 1099 2264 non
1115 2210 1191 2266 sum.
1236 2202 1293 2263 Sed
1308 2219 1359 2262 ne·

255 2285 315 2378 seio
336 2304 394 2367 quo
414 2293 500 2379 pacto
521 2289 557 2350 ad
579 2289 779 2370 praecipiendi
800 2291 942 2351 rationem
965 2288 1083 2369 delapsa
1105 2295 1149 2350 est
1168 2289 1261 2350 oratio
1284 2280 1359 2358 mea,

252 2488 376 2541 bntdem
387 2490 735 2559 Substbeigeliigtwird.
750 2521 777 2529 —
866 2496 906 2545 l‘l.
923 2493 984 2544 lom
1001 2491 1158 2545 vermittelt
1175 2493 1228 2544 den
1252 2490 1361 2543 Ueber-

253 2556 572 2692 lltlttttt‘tdttf
584 2576 647 2677 tl
659 2558 781 2678 ‘iiiito
831 2576 951 2692 titt?
958 2560 1150 2679 limitati
1163 2558 1362 2693 wit

253 2691 781 2760 dientzumUebergangebeiderAuf-
831 2695 948 2745 Sotaden
967 2694 1062 2746 wrirde
1079 2692 1361 2758 immansionem)

252 2759 374 2827 adhinng
384 2760 585 2841 gleichartiger
594 2760 782 2814 Fdllezdea·
831 2762 933 2825 —Quo
945 2763 979 2812 de
988 2761 1097 2827 penore]
1112 2761 1244 2825 mercides,
1256 2761 1288 2811 in
1300 2760 1362 2811 eccl-

251 2827 783 2897 pleiclren,oderrniternerSteigerung:
832 2830 896 2879 cher
908 2828 1076 2893 Beziedunq.
1089 2856 1120 2864 —
1133 2828 1226 2895 Appio
1238 2824 1297 2894 uia]
1312 2827 1361 2879 Sie

253 2896 319 2945 ader
336 2896 417 2951 auch.
437 2920 465 2931 —
490 2896 536 2947 stc
552 2896 631 2963 vero]
652 2899 688 2949 So
706 2898 782 2963 oder,
831 2896 926 2947 iiihrte
944 2913 998 2947 von
1018 2896 1086 2948 Rom
1109 2896 1180 2947 nach
1197 2894 1304 2963 Capua.
1328 2923 1361 2933 —-

184 2982 185 2987 ¹
246 2964 319 3027 jetzt
328 2964 510 3019 aden-nort
520 2964 591 3015 enim
601 2964 717 3031 nudent]
727 2965 781 3017 Die
834 2963 954 3031 Tralles]
968 2964 1053 3017 Stetit
1063 2963 1092 3014 in
1105 2962 1223 3030 Lydien.
1240 2990 1276 3001 —
1291 2963 1362 3014 For·

254 3030 495 3082 Vertreuliohlreit
519 3030 595 3083 eines
619 3030 782 3098 Messenen,
830 3032 913 3099 miae]
927 3032 1012 3084 stade
1023 3030 1051 3083 in
1062 3030 1181 3083 Latium.
1195 3058 1226 3067 —
1238 3028 1359 3099 imperii]

252 3097 303 3149 der
314 3114 342 3149 es
353 3097 515 3165 uiclrtwagt
524 3114 645 3151 unseren
655 3100 782 3167 Neigun-
831 3098 980 3167 imperium
998 3098 1162 3151 bezeichnet
1179 3098 1225 3150 die
1243 3098 1297 3149 den
1310 3096 1361 3148 Be-

252 3180 306 3230 gen
325 3172 463 3231 entgegen
480 3181 515 3217 zu
533 3173 641 3231 treton,
667 3168 733 3219 weil
750 3185 787 3227 er,
830 3174 921 3218 amten
942 3165 1101 3218 verliehene
1120 3167 1170 3219 mit
1187 3165 1247 3217 dem
1266 3164 1360 3216 Strat-

254 3247 355 3283 unsere
369 3232 464 3284 Macht
476 3231 614 3298 ftirchtet,
632 3234 671 3285 ist
683 3235 781 3287 immet
831 3234 911 3286 recht
933 3233 1116 3287 verbundeue
1144 3232 1360 3301 obriglreitliche

253 3300 781 3369 unznverloissig.—etinuidentJAua-
832 3301 945 3354 Gewalt
967 3300 1037 3355 fiber
1061 3302 1105 3353 die
1124 3301 1180 3353 Biir
1201 3318 1240 3353 er.
1276 3301 1360 3354 Diese

251 3365 357 3419 koluth.
392 3368 450 3421 Das
467 3367 585 3436 subject
602 3386 637 3422 zu
655 3370 783 3423 inuideat
830 3369 1073 3437 Machtbelngniss
1091 3368 1152 3437 golt
1168 3318 1211 3423 eis
1230 3368 1277 3422 ein
1289 3370 1360 3421 Ans-

251 3436 290 3487 ist
302 3435 379 3487 nicht
390 3436 467 3488 mehr
475 3436 540 3487 nim.
545 3438 645 3505 famil„
659 3439 782 3491 sondern
831 3437 900 3491 fluss
914 3438 964 3490 der
981 3437 1042 3489 dem
1060 3438 1149 3490 Volke
1171 3437 1360 3490 zustehenden

252 3519 302 3555 aus
315 3504 375 3556 dem
389 3503 613 3558 Zwischensatze
629 3522 663 3558 nu
681 3506 783 3573 ergiin-
830 3504 963 3559 brichstou
983 3504 1095 3558 Gewolt
1119 3506 1175 3558 und
1199 3505 1283 3558 stand
1306 3521 1360 3555 nur

252 3588 312 3623 zen·
348 3572 405 3623 Der
418 3572 488 3625 Sion
505 3571 555 3625 ist:
574 3573 627 3625 Die
640 3574 781 3627 Grieoheu
832 3574 886 3627 deu
899 3574 1031 3629 hdehsten
1044 3572 1231 3643 Magistrateu
1244 3590 1287 3627 zu.

251 3639 314 3691 sind
345 3639 386 3695 als
415 3642 569 3693 Vertroute
598 3640 783 3709 eifersrichtig

252 3708 304 3759 anf
324 3707 426 3771 Jeden,
452 3709 502 3760 der
526 3709 586 3761 dem
612 3709 783 3763 Stattlralter
866 3712 905 3761 18.
918 3710 1009 3761 neseio
1021 3726 1074 3790 quo
1085 3707 1276 3789 paeto-est]
1290 3706 1359 3759 Hier

252 3774 322 3825 nahe
335 3775 408 3839 tritt,
422 3776 479 3827 und
491 3776 594 3827 suciren
605 3775 700 3829 diesen
711 3794 782 3845 ganz
828 3776 869 3830 ist
880 3777 963 3830 lisine
975 3777 1113 3829 indrreote
1125 3776 1232 3845 Frage,
1248 3776 1294 3828 dre
1305 3775 1359 3827 deu

251 3840 281 3893 in
300 3840 358 3893 ilrre
377 3842 490 3895 Gewalt
512 3859 546 3895 zu
570 3842 690 3911 bringen
714 3846 784 3898 oder
832 3846 913 3911 conj.
925 3844 1190 3898 erfordernwsrrde.
1215 3842 1359 3897 Sostehen

250 3910 341 3976 geben
354 3910 454 3962 Aulass
468 3927 502 3963 au
514 3910 619 3963 Heder.
832 3914 904 3965 auclr
919 3913 1010 3965 nescio
1022 3912 1098 3979 quie,
1110 3929 1140 3964 aa.
1152 3912 1232 3979 quid,
1250 3927 1278 3963 n.
1290 3927 1358 3977 quo·

185 4018 187 4022 ⁴
287 3976 333 4029 VI.
363 3977 417 4029 Die
434 3979 620 4045 Behondlunp
638 3980 687 4031 der
704 3979 782 4031 Scla-
831 3980 910 4032 modo
953 3979 1179 4033 ewissermossen
1207 3978 1359 4047 parenthe—

251 4060 312 4097 oeo,
330 4072 362 4083 ·-
380 4046 607 4114 Recepitulation
625 4048 672 4099 des
690 4047 782 4098 dieder
829 4047 937 4100 tischo
976 4047 1134 4100 eEinilnss
1152 4048 1204 4099 anf
1219 4045 1265 4098 die
1284 4046 1359 4099 Con—

252 4112 398 4177 Gesupten.
421 4142 453 4149 -
486 4112 644 4181 Uederqaop
667 4132 703 4167 aa
727 4117 781 4168 den
829 4114 980 4169 struction.
998 4114 1183 4168 Uobersetzea
1196 4096 1384 4167 onmium-l
1422 4146 1425 4154 «
1493 4171 1494 4178 ¹

250 4180 376 4231 walterae
422 4180 707 4251 Verleultunpsrepeln.
747 4212 781 4221 -
828 4184 893 4236 liet.
906 4213 938 4221 -
951 4186 988 4237 ad
1024 4200 1097 4235 roeo.
1114 4180 1259 4248 rationem]
1275 4182 1361 4236 Ratio
1418 4186 1425 4209 ·¹
1493 4185 1494 4234 l

252 4248 366 4314 Strenpe
377 4248 414 4298 im
427 4249 616 4305 riedterliclreo
632 4251 746 4307 Urtlteil.
829 4251 909 4305 dieut
926 4269 977 4305 zur
995 4201 1230 4317 &mschreibuuffl
1249 4249 1309 4304 also
1327 4272 1361 4297 =
1416 4245 1422 4288 ἶ

1417 4325 1422 4337 0
