3000 4650
535 201 563 255 r.
579 166 764 256 rumonus
778 199 925 255 arctous
1009 174 1012 190 “
1245 197 1285 260 71

170 371 236 429 eius
255 365 431 426 voluntatem
449 382 513 426 esse
531 364 687 425 iacturum.
724 364 783 424 Sed
805 370 906 442 postea
920 370 1018 425 tamen
1035 363 1084 425 ille
1098 383 1157 426 uon
1174 365 1284 428 destitit

173 453 210 513 de
225 449 309 510 nobis
323 451 483 528 asperrime
501 447 590 529 loqui.
627 447 712 519 Quod
726 449 751 507 si
766 465 826 508 non
840 448 959 517 facerat,
977 454 1076 510 mmen
1089 450 1116 509 ei
1131 450 1203 510 nihil
1217 469 1282 512 cre-

170 537 310 597 deremus
331 540 418 612 atque
439 533 550 603 omnia,
572 533 648 593 sicut
666 533 805 600 iacimus,
831 549 1013 611 pararemus.
1052 532 1138 594 Nunc
1160 536 1200 595 ita
1226 552 1281 596 nos
1303 541 1321 602 3

171 621 311 699 gerimus,
333 620 420 679 utin
446 618 508 679 dies
528 615 659 695 singulos
685 623 714 677 et
734 616 829 677 studia
849 618 881 676 in
905 633 960 677 nos
984 616 1135 679 hominum
1161 624 1190 678 et
1212 636 1284 697 opes

172 713 291 765 nostrae
309 710 480 780 augeantur.
520 701 594 761 Rem
619 699 767 780 publicam
787 699 868 761 nulla
888 719 924 762 ex
943 710 1027 780 parte
1046 704 1227 780 attingimus;
1252 704 1283 765 in

169 790 268 850 causis
285 794 371 866 atque
386 787 417 847 in
431 785 479 847 illa
495 802 586 864 opera
600 792 699 846 nostra
716 786 828 847 lorensi
842 802 955 846 summa
970 785 1113 847 industria
1121 804 1282 848 versamur.

170 873 257 945 Quod
273 872 390 951 egregie
404 888 465 932 non
480 868 568 930 modo
583 871 695 949 iis,›qui
709 875 831 931 utuntur
844 888 949 948 opera,
966 870 1017 931 sed
1033 872 1121 931 etiam
1134 870 1166 930 in
1180 869 1284 950 vulgus

168 964 289 1035 gratum
310 974 374 1018 csse
394 956 546 1017 sentimus.
588 953 697 1015 Domus
717 953 899 1022 celebratum
922 955 1102 1024 occurritur;
1125 963 1283 1017 renovatur

169 1042 314 1103 memoria
328 1039 510 1107 consulatum
527 1038 620 1099 studia
635 1039 851 1117 significantem
874 1040 985 1099 ineam
1000 1056 1082 1116 spem
1097 1039 1281 1108 adducimur,

173 1133 205 1187 ut
218 1124 305 1185 nobis
319 1142 353 1185 ea
377 1125 541 1192 contentio,
561 1140 634 1201 quae
649 1122 815 1202 impendet,
835 1121 983 1183 interdum
1003 1140 1063 1183 non
1086 1122 1222 1202 fugienda
1241 1125 1283 1183 vi·

172 1211 285 1270 deutur.
329 1207 415 1268 Nunc
439 1207 510 1267 mihi
536 1214 565 1267 et
589 1205 716 1268 consiliis
741 1224 815 1284 opus
842 1214 886 1267 est
907 1206 966 1267 tuis
987 1213 1016 1268 et
1037 1224 1138 1269 amore
1160 1213 1189 1268 et
1210 1208 1277 1269 fide.
1301 1215 1322 1275 4
1384 1213 1387 1284 ζ

169 1294 272 1365 Quare
287 1291 398 1352 advola.
426 1290 567 1370 Expedita
581 1292 652 1352 mihi
668 1299 756 1351 erunt
771 1291 877 1360 omnia,
893 1292 919 1351 si
933 1299 963 1351 te
977 1290 1102 1353 habebo.
1125 1291 1215 1353 Multa
1229 1310 1284 1372 per

172 1377 337 1437 Varronem
356 1382 488 1435 nostrum
508 1376 555 1451 agi
581 1382 720 1454 possunt,
740 1393 816 1454 quae
837 1382 867 1436 te
882 1382 1006 1452 urgente
1027 1381 1116 1437 erunt
1135 1377 1282 1445 firmiora3

174 1458 264 1521 multa
281 1459 316 1520 ab
331 1460 395 1538 ipso
410 1457 512 1519 Publio
527 1457 606 1527 elici,
628 1459 718 1520 multa
735 1459 888 1536 cognosci,
909 1476 984 1537 quae
1008 1459 1062 1520 tibi
1082 1460 1197 1521 occulta
1219 1478 1284 1521 esse

172 1562 235 1604 non
249 1550 403 1623 poterunt;
424 1542 514 1603 multa
530 1545 616 1604 etiam
633 1578 673 1588 —
690 1544 741 1603 scd
757 1542 918 1604 absurdum
934 1549 979 1604 est
997 1543 1110 1621 singula
1125 1543 1281 1623 explicare,

173 1647 241 1689 curn
256 1645 310 1706 ego
323 1629 471 1706 requiram
487 1634 515 1688 te
531 1628 569 1688 ad
583 1628 691 1688 omnia.
729 1630 822 1688 Unum
836 1625 908 1686 illud
926 1627 980 1688 tibi
995 1628 1172 1706 persuadeas
1183 1628 1279 1697 velim,
1304 1636 1322 1695 5

170 1714 270 1773 omnia
284 1712 355 1772 mibi
369 1712 433 1773 lore
448 1711 600 1790 explicata,
617 1713 642 1773 si
656 1718 685 1772 te
696 1712 813 1779 videro;
830 1711 882 1772 sed
895 1717 989 1772 totum
1003 1719 1047 1772 est
1061 1714 1089 1772 in
1106 1729 1151 1781 eo,
1167 1712 1191 1772 si
1206 1719 1283 1781 anta,

169 1815 259 1875 quam
272 1794 321 1857 ille
337 1796 416 1857 ineat
430 1797 642 1873 magistratum.
678 1795 762 1865 Puto,
777 1795 951 1872 Pompeium
969 1796 1073 1858 Crasso
1093 1803 1234 1872 urgente,
1257 1798 1283 1856 si

170 1891 203 1941 tu
219 1881 324 1950 aderis,
341 1882 391 1959 qui
404 1898 459 1958 per
476 1880 593 1958 βοῶπιν
609 1898 645 1940 cx
658 1879 723 1960 ipso
737 1878 902 1958 intelligere
913 1881 1019 1960 possis,
1034 1898 1091 1959 qua
1105 1879 1163 1941 fide
1178 1879 1214 1940 ab
1226 1878 1284 1941 illis

158 1973 289 2048 vagatur,
309 1982 366 2025 nos
380 1972 430 2025 aut
445 1966 508 2026 sine
523 1963 655 2026 molestia
671 1972 721 2025 aut
736 1971 816 2026 certe
832 1965 896 2024 siue
913 1981 1016 2025 errore
1031 1964 1155 2024 futuros.
1183 1963 1282 2025 Preci-

171 2049 226 2110 bus
241 2050 350 2109 nostris
365 2053 395 2109 et
409 2048 609 2110 cohortatione
624 2066 684 2109 non
698 2048 823 2126 indiges.
865 2047 941 2118 Quid
960 2066 1025 2109 mea
1039 2046 1189 2115 voluntas,
1210 2047 1280 2126 quid

172 2144 302 2211 ternpus,
322 2132 391 2211 quid
406 2134 451 2193 rei
463 2132 633 2211 magnitudo
649 2131 791 2210 postulet,
806 2131 953 2209 intelligis.
997 2132 1039 2193 lte
1053 2150 1087 2193 re
1104 2131 1220 2211 publica
1235 2133 1280 2192 ni·
1303 2138 1322 2199 6

72 2277 73 2280 ,
171 2216 213 2277 bil
228 2216 323 2278 babeo
340 2217 375 2278 ad
395 2224 425 2278 te
445 2216 591 2285 scribere,
617 2218 673 2277 nisi
694 2216 957 2278 summumodium
977 2218 1108 2278 omnium
1130 2216 1284 2277 bominum

59 3134 61 3137 v
173 3109 221 3142 8Ηο

171 2303 202 2361 in
220 2319 280 2371 eos,
301 2302 351 2380 qui
366 2308 468 2363 tenent
483 2302 590 2363 omnia.
624 2301 792 2363 Mutationis
809 2309 908 2364 umen
924 2318 993 2381 spes
1006 2300 1094 2363 nulla.
1118 2300 1186 2371 Sed,
1205 2300 1283 2381 quod

172 2385 258 2446 facile
269 2386 386 2455 sentias,
402 2385 499 2447 taedet
509 2388 605 2464 ipsum
615 2385 790 2465 Pompeium
801 2387 1048 2464 vehementerque
1059 2382 1198 2463 poenitet.
1216 2385 1281 2446 Non

173 2469 313 2546 provideo
328 2471 412 2536 satis,
429 2487 517 2548 qrrem
532 2472 641 2531 exitum
662 2471 793 2531 futurum
815 2481 924 2550 putem.
964 2470 1021 2530 Sed
1049 2476 1129 2531 certe
1148 2469 1283 2530 videntur

171 2553 246 2614 haec
267 2552 365 2632 aliquo
391 2560 539 2631 eruptura.
582 2553 688 2616 Libros
711 2553 881 2624 Alexandri,
908 2552 1082 2633 negligentis
1104 2552 1231 2614 hominis
1252 2559 1281 2613 et
1304 2559 1321 2617 7

173 2686 205 2739 V.
218 2685 260 2737 31.
298 2685 422 2737 Tandem
439 2687 489 2738 dut
504 2686 586 2738 Cotta
599 2703 705 2754 permo-
756 2687 816 2740 sich
828 2687 906 2739 nicht
922 2686 1015 2739 sicher
1033 2685 1207 2750 leststelleu‚
1226 2702 1284 2737 was

171 2761 218 2806 tus
230 2769 341 2807 manoe.
756 2755 816 2809 (lic.
830 2755 929 2816 meint3
947 2753 1179 2808 wahrecheinlich
1190 2752 1286 2804 fairclr-

207 2825 230 2873 3.
249 2820 357 2888 causis]
373 2820 519 2874 Prozesse.
544 2849 576 2859 -
599 2823 631 2873 in
643 2823 705 2874 vul·
754 2828 813 2875 tete
826 2839 867 2888 er,
880 2822 945 2874 dass
958 2822 1088 2886 Crassus,
1102 2822 1153 2874 der
1166 2820 1226 2874 sein
1239 2837 1286 2873 er-

170 2887 240 2955 gus]
256 2887 497 2941 adverbialischer
509 2888 659 2941 Ausdruck
670 2911 704 2934 =
755 2889 888 2943 bitterter
905 2891 1019 2956 Gegner
1036 2906 1110 2954 war,
1134 2889 1188 2940 den
1204 2887 1285 2939 Pom-

173 2956 327 3021 allpemein.
343 2981 378 2996 ·-
394 2955 501 3008 Domus
518 2993 545 3010 ..
560 2993 566 3007 .
581 2957 703 3008 occurri-
776 2957 837 3023 ejus
865 2973 900 3008 zu
930 2956 1116 3023 seindseligen
1140 2955 1285 3007 Schritten

172 3021 240 3142 tura
252 3023 332 3076 Mein
344 3024 426 3075 Hauc
438 3024 476 3075 iet
487 3024 583 3076 inemec
593 3025 644 3075 mit
652 3025 704 3074 Bc·
756 2975 882 3091 bringeri
907 3024 1011 3076 werde.
1047 3022 1174 3085 Atticus,
1199 3022 1287 3075 meint

242 3092 330 3142 endere
352 3090 465 3157 pesum,
489 3109 555 3142 man
571 3092 636 3158 petr
652 3091 705 3143 mir
757 3091 873 3157 Cicero,
902 3091 1000 3143 wfirde
1024 3091 1099 3143 daun
1124 3089 1213 3142 durch
1236 3089 1286 3141 des

170 3164 312 3222 entpegen.
325 3185 360 3195 —-
371 3159 467 3210 studia
479 3156 554 3225 sign]
568 3175 652 3224 „man
663 3159 706 3209 be·
757 3158 873 3212 Clodius
898 3158 1060 3210 Schwester
1083 3157 1211 3224 (Clodia,
1236 3157 1287 3209 der

172 3225 245 3289 zeigt
267 3226 320 3275 mir
345 3224 545 3278 ΤΙιοιἸπιιΙιηιειι
568 3228 628 3278 und
650 3225 706 3276 Er·
756 3227 817 3278 hier
835 3227 885 3278 das
902 3224 1075 3278 homeriscbe
1091 3225 1216 3277 Beiwort
1236 3224 1287 3276 der

171 3291 323 3356 gebenbeit.
755 3294 934 3360 Iunowegen
943 3293 1020 3345 ihrer
1029 3309 1146 3359 grossen
1156 3291 1288 3358 feurigen

207 3361 235 3408 4.
264 3357 430 3424 Varronem]
452 3359 551 3427 Vergl.
572 3359 637 3413 Lib.
652 3360 704 3412 ΙΙΙ.
757 3360 856 3427 Augen
873 3361 997 3427 gegeben
1015 3359 1101 3426 wird)
1114 3376 1169 3412 von
1182 3359 1287 3412 diesem

173 3427 281 3478 Vareno.
322 3424 364 3476 Er
387 3441 448 3477 war
471 3426 517 3478 ein
543 3432 706 3479 vertrauter
757 3428 847 3480 selbst
864 3427 997 3479 erfabren
1015 3427 1141 3492 kdnnen,
1165 3428 1200 3480 ob
1224 3442 1288 3479 men

174 3492 290 3544 Freund
302 3492 520 3561 desPompejus.
536 3522 564 3530 -
576 3492 706 3545 chifflet·
756 3495 839 3547 keine
859 3494 1073 3562 Treulosiglreit
1094 3512 1150 3546 von
1169 3495 1288 3562 Pompe·

172 3558 229 3611 etto
247 3558 324 3627 elici]
347 3558 399 3612 Bai
420 3560 518 3612 seinen
540 3560 630 3613 neben
651 3561 706 3612 Be·
754 3562 802 3629 jus
814 3579 849 3614 zu
861 3562 1027 3614 befdrcbten
1040 3563 1120 3614 habe.

174 3626 328 3693 ziehungen
339 3626 707 3679 zuderFamiliederCleu-
790 3632 818 3680 6.
840 3630 925 3681 babeo
942 3632 980 3681 od
996 3637 1023 3681 te
1040 3627 1172 3694 seribere]
1192 3628 1287 3680 Habeo

175 3695 238 3747 dier
250 3695 355 3747 konnte
368 3694 480 3747 Atticus
493 3694 580 3746 leicbb
592 3695 636 3747 die
649 3695 705 3746 Ab-
757 3695 808 3748 mit
820 3697 882 3749 dem
893 3696 1023 3749 Infinitiv
1039 3696 1106 3764 geht
1120 3695 1149 3747 in
1168 3695 1222 3748 den
1235 3695 1288 3748 Be-

173 3762 285 3814 sichten
297 3762 346 3814 des
355 3761 472 3815 Clodius
485 3762 705 3814 durcb'schauen.
757 3763 827 3830 griff
846 3782 901 3816 von
921 3781 1001 3832 posse
1021 3763 1099 3818 fiber.
1122 3791 1155 3800 —
1177 3761 1285 3829 toedet]

208 3834 233 3882 5.
253 3828 364 3895 videro]
378 3829 437 3883 Der
448 3829 591 3883 Indicetiv
603 3830 640 3881 im
652 3829 706 3882 Be·
757 3831 841 3885 nand.
859 3831 911 3883 der
923 3831 1153 3899 eingegangenen
1165 3830 1288 3883 Verbin-

173 3896 395 3963 dingungesatze
418 3897 448 3948 in
472 3897 522 3950 der
545 3897 706 3950 indirecten
758 3897 1288 3967 dung—uliquceruptura]DerSinn

174 3965 252 4016 Rede
271 3964 325 4015 wie
344 3964 367 4015 Ι.
386 3966 428 4015 24.
446 3969 471 4014 2.
496 3993 528 4002 -
552 3972 593 4016 eet
610 3966 641 4017 in
659 3963 706 4031 eo]
757 3965 809 4017 ist:
826 3965 879 4018 Die
892 3966 982 4018 Sacbe
999 3966 1070 4017 wird
1083 3966 1186 4019 keinen
1197 3965 1288 4017 fried-

173 4032 262 4096 lacinga
274 4033 367 4083 dacore
380 4032 424 4084 ab.
441 4058 475 4068 -
491 4032 515 4084 aa*
527 4031 606 4098 ante]
624 4049 663 4084 sc.
677 4037 706 4084 te
757 4032 849 4085 lichen
873 4031 1006 4099 Ausgang
1028 4032 1137 4097 haben,
1166 4032 1287 4085 sondern

174 4098 282 4151 videro.
306 4126 341 4136 —-
363 4099 449 4163 Paeto,
466 4098 638 4166 Pompeium]
654 4100 707 4151 Bei
758 4100 829 4152 nach
846 4100 946 4166 irgend
963 4099 1042 4152 einer
1054 4101 1132 4154 Seite
1148 4116 1182 4151 zu
1200 4099 1289 4151 einem

176 4165 226 4217 der
250 4166 345 4219 Kdrze
370 4166 419 4219 des
443 4165 607 4218 Ausdruclrs
636 4165 708 4219 ldsst
757 4167 957 4234 gewaltsamen
973 4166 1138 4220 Auobruche
1153 4167 1289 4218 kommeu.
