3000 4650
518 272 547 329 ι.
564 271 904 358 nunanusrmuuus.
1080 338 1084 351 Ι
1206 269 1315 332 197.

155 437 297 515 nignitate
312 436 348 496 ab
364 438 444 496 omni
458 454 492 497 re
507 453 608 499 sumus
621 438 802 516 paratiores,
817 455 877 497 non
893 436 987 498 solum
1001 437 1079 498 bene
1094 456 1214 515 sperare
1229 439 1267 499 dc

154 520 240 582 nobis
270 522 405 581 homines
430 521 482 582 sed
509 521 659 598 explorate
682 521 813 582 iudicare
839 521 981 582 volumus.
1012 521 1156 598 Legiones
1170 522 1267 582 babeo

155 606 283 684 quinque
298 604 352 665 sub
368 605 460 682 signis
476 611 504 665 et
520 623 572 665 sua
586 605 644 665 lide
660 606 824 683 virtuteque
840 608 884 664 rei
905 605 1041 683 publicae
1063 607 1267 666 coniunctissi-

155 706 219 750 mas
233 696 262 749 et
277 696 378 750 nostra
392 687 567 749 liberalitate
589 686 674 748 nobis
697 688 909 767 obsequentes;
933 689 1115 766 provinciam
1135 691 1267 749 omnium

156 773 312 833 civitatium
335 790 480 833 consensu
502 773 716 850 paratissimam
733 779 763 833 et
783 789 896 832 summa
918 774 1104 834 contentione
1122 774 1158 833 ad
1170 773 1266 832 officia

155 863 330 926 certantem;
347 857 493 935 equitatus
510 855 744 933 auxiliorumque
754 862 849 916 tantas
861 858 976 933 copias,
994 863 1117 934 quantas
1127 856 1183 916 bae
1195 873 1267 932 gen·

155 947 198 1001 tes
213 941 249 1002 ad
268 940 482 1000 defendendam
496 957 580 1001 suam
597 939 719 1000 salutem
732 939 956 1017 libertatemque
971 942 1117 1000 conticere
1133 947 1266 1017 possunt.

121 1055 124 1060 ·
154 1023 221 1101 lpse
235 1025 276 1083 ita
293 1043 360 1084 sum
377 1025 475 1083 animo
492 1030 611 1101 paratus
625 1023 672 1083 vel
686 1025 868 1101 provinciam
883 1025 962 1084 tueri
979 1023 1024 1083 vel
1046 1026 1103 1093 ire,
1134 1042 1192 1101 quo
1219 1040 1267 1083 res

154 1106 273 1184 publica
301 1114 400 1175 vocet,
427 1106 474 1166 rel
497 1107 616 1167 tradere
638 1108 816 1175 exercitum,
841 1106 947 1166 auxilia
966 1109 1219 1185 provinciamque,
1235 1113 1269 1166 ut
1364 1099 1370 1108 ⁴

156 1190 201 1250 vel
218 1207 336 1252 omnem
353 1191 494 1268 impetum
508 1190 579 1251 belli
597 1193 627 1249 in
640 1208 688 1251 me
705 1198 879 1251 convertere
894 1208 953 1250 uon
969 1208 1120 1258 recusem,
1138 1189 1267 1250 simodo

155 1291 222 1333 meo
252 1291 322 1335 casu
349 1281 399 1333 aut
427 1274 604 1334 confirmare
627 1275 738 1350 patriae
764 1274 888 1335 salutem
912 1281 963 1333 aut
977 1274 1143 1352 periculum
1156 1275 1268 1352 possim

153 1359 276 1417 morari.
309 1358 390 1428 Haeo
412 1358 436 1416 si
455 1358 512 1417 iam
534 1358 677 1434 expeditis
692 1357 830 1417 omnibus
846 1357 937 1417 rebus
956 1357 1175 1437 tranquilloque
1190 1362 1268 1417 statu
1292 1363 1312 1422 7

156 1442 278 1501 civitatis
306 1441 463 1520 polliceor,
487 1442 519 1500 in
547 1441 654 1501 damno
679 1458 763 1500 meae
785 1441 881 1500 laudis
901 1440 1096 1518 reipublicae
1112 1440 1268 1501 commodo

154 1522 303 1594 laetabor;
320 1526 366 1584 sin
380 1526 416 1584 ad
431 1526 599 1584 societatem
618 1525 874 1601 integerrimorum
895 1532 924 1584 et
942 1525 1137 1584 maximorum
1151 1525 1269 1603 pericu·

155 1607 253 1669 lorum
268 1609 423 1675 accedam,
440 1606 560 1668 consilia
575 1624 641 1668 mea
658 1608 759 1687 aequis
773 1606 919 1667 iudicibus
935 1607 971 1666 ab
993 1606 1207 1667 obtrectatione
1224 1609 1269 1665 in·

154 1692 289 1753 vidorum
304 1691 488 1753 defendenda
503 1691 687 1752 commendo.
717 1691 789 1751 Mihi
805 1691 921 1767 quidem
937 1692 991 1767 ipsi
1012 1691 1125 1750 fructus
1148 1691 1269 1751 merito·

154 1792 222 1835 rum
239 1791 375 1837 meorum
391 1778 421 1835 in
435 1776 480 1835 rei
496 1775 630 1854 publicae
646 1774 847 1834 incolumitate
860 1775 930 1832 satis
941 1791 1065 1851 magnus
1077 1782 1122 1835 est
1132 1780 1267 1851 paratus;

157 1876 208 1919 eos
221 1877 307 1929 vero,
321 1860 372 1939 qui
386 1862 484 1919 meam
500 1858 704 1919 auctoritatem
719 1864 749 1917 et
762 1857 855 1918 multo
869 1859 963 1934 magis
976 1866 1103 1918 vestram
1118 1858 1207 1918 fidem
1221 1874 1268 1917 se-

157 1945 217 2003 cuti
231 1961 287 2004 neo
301 1942 361 2004 ulla
377 1960 430 2021 spe
447 1942 542 2020 decipi
557 1960 614 2002 nee
628 1941 689 2002 ullo
703 1949 785 2002 metu
800 1943 907 2002 terreri
927 1948 1103 2019 potueruut,
1128 1949 1162 2001 ut
1186 1958 1268 2001 com·
1298 1973 1302 1980 κ

156 2028 310 2088 mendatos
325 2026 408 2092 vobis
423 2025 557 2086 habeatis
571 2025 729 2103 petendum
745 2025 870 2085 videtur.

550 2188 731 2252 Errsnonn
757 2187 871 2251 XVII.

577 2310 693 2369 CICERO
707 2311 843 2369 Plauto,

239 2443 310 2504 Etsi*
323 2444 368 2503 rel
393 2441 528 2519 publicae
551 2460 637 2502 causa
663 2445 790 2503 maxime
806 2443 935 2519 gaudere
952 2443 1046 2504 debeo
1059 2451 1175 2503 tantum
1192 2443 1218 2502 el
1236 2451 1265 2502 te
1289 2450 1306 2507 1

154 2527 310 2606 praesidii,
330 2533 442 2587 tantum
458 2526 522 2604 opis
538 2525 669 2586 attulisse
684 2528 823 2586 extremis
838 2524 932 2603 paene
948 2526 1143 2604 temporibus,
1164 2533 1265 2585 tamen

65 2664 70 2669 .
154 2612 193 2671 ita
209 2618 238 2671 te
253 2612 396 2671 victorem
413 2608 593 2687 complectar
612 2627 645 2669 re
662 2608 780 2688 publica
795 2618 983 2687 recuperata,
1000 2617 1033 2670 ut
1048 2614 1184 2685 magnam
1196 2626 1265 2687 par·

156 2701 215 2754 tem
230 2694 302 2754 mibi
318 2693 445 2755 laetitiae
460 2701 509 2753 tua
525 2692 650 2770 dignitas
672 2695 772 2763 allert,
795 2711 883 2773 quam
899 2701 927 2754 et
944 2712 1008 2754 esse
1022 2694 1079 2753 iam
1095 2701 1124 2753 et
1138 2694 1268 2753 futuram
1357 2695 1361 2700 '

156 2777 364 2856 amplissimam
379 2775 519 2853 intelligo.
550 2778 625 2838 Cave
642 2778 718 2837 enim
734 2784 821 2855 putes
834 2776 909 2837 ullas
924 2795 1054 2855 unquam
1073 2775 1185 2837 litteras
1200 2794 1268 2854 gra·

155 2862 247 2921 tiores
262 2868 431 2940 quam-tuas
447 2862 476 2919 in
494 2868 596 2921 senatu
613 2878 678 2921 esse
691 2863 837 2926 recitatas.
869 2861 960 2938 ldque
981 2862 1102 2936 contigit
1123 2878 1191 2920 cum
1205 2878 1268 2919 me-

155 2946 279 3004 ritorum
296 2952 414 3004 tuorum
430 2945 461 3003 in
476 2961 539 3003 rem
559 2943 707 3021 publicam
723 2945 828 3005 eximia
841 2944 965 3021 quadam
977 2943 1186 3021 magnitudine,
1205 2951 1267 3002 tum
1332 3000 1337 3009 ,

154 3028 313 3088 verborum
330 3029 599 3105 sententiarumque
618 3029 766 3105 gravitate.
797 3026 882 3096 Quod
905 3027 978 3087 mibi
1003 3027 1119 3106 quidem
1148 3027 1269 3086 minime

155 3129 279 3180 norum,
297 3114 346 3190 qui
362 3120 390 3172 et
405 3120 434 3171 te
449 3129 567 3171 nossem
579 3119 608 3170 et
618 3119 733 3171 tuarum
747 3109 911 3171 litterarum
924 3110 960 3171 ad
972 3128 1020 3171 me
1031 3113 1186 3171 missarum
1199 3128 1269 3187 pro·

155 3197 244 3256 missa
259 3196 458 3256 meminissem
473 3204 502 3255 et
516 3194 657 3255 haberem
675 3212 692 3254 a
705 3194 816 3254 Furnio
834 3202 936 3254 nostro
949 3202 999 3255 tua
1014 3197 1131 3272 penitus
1146 3194 1268 3253 consilia

154 3426 237 3478 caepe
249 3409 379 3474 combam,
400 3416 514 3476 propter
529 3410 684 3476 periculum
770 3414 795 3462 t.
808 3387 920 3460 Haecei
929 3407 1059 3474 iuuaret]
1074 3406 1268 3460 DerSinnistt

153 3478 216 3528 eiua
228 3477 302 3527 modi
314 3476 481 3528 litterarum.
735 3478 843 3540 Wenn,
868 3475 961 3527 indem
985 3474 1030 3526 iob
1047 3476 1116 3547 dies
1127 3474 1266 3538 schreibe,

188 3546 214 3594 6.
227 3544 262 3594 ab
275 3544 349 3594 omni
361 3543 407 3624 re]
421 3543 451 3594 S.
464 3559 488 3623 z:
501 3541 568 3595 llll.
581 3547 606 3594 t.
618 3546 643 3594 5.
652 3569 681 3582 —
735 3541 881 3624 vielleicbt
897 3542 982 3622 sehon
1000 3542 1140 3622 Aratonius
1159 3541 1270 3609 besiegt

153 3609 684 3743 tidttttllittttttt‘ttiltl:
734 3607 1268 3752 tlt:{littatltttff'tttttdll

154 3743 405 3824 sammepgestellt‚
426 3743 491 3795 weil
515 3743 561 3795 die
585 3743 683 3795 Reiter
733 3744 838 3797 Nicbts
856 3760 1017 3825 genommen
1035 3744 1082 3796 ist.
1112 3741 1178 3808 Vgl.
1191 3743 1267 3796 all.

153 3810 684 3956 {titillabit,tibitibi
734 3809 1186 3956 ²²atau.ttlt.⁶tttdtllt“⁰j

154 3947 225 4027 repd
239 3945 285 3997 die
298 3945 354 4025 1ἶόο
369 3962 400 3996 er
413 3944 454 4025 pls
467 3944 605 3997 Offlziere
618 3945 685 4024 (nus
770 3947 795 3996 1.
807 3945 935 3998 extremis
947 3944 1125 4024 temporibus]
1134 3958 1204 3993 :m
1218 3945 1268 3994 der

152 4012 369 4079 lotraequestms
396 4012 520 4063 drenten.
534 4013 609 4062 —od
622 4013 685 4075 offa·
735 4019 862 4077 proroten
879 4010 1267 4076 Gefalrr..·-tto..comple-

154 4079 198 4130 cio
225 4081 255 4131 S.
267 4096 291 4130 z.
305 4080 328 4130 l.
341 4079 413 4130 20.1.
422 4106 450 4115 -
463 4076 684 4158 trauerqeinem
736 4085 798 4129 etur
810 4077 857 4144 ut]
873 4079 902 4130 S.
915 4096 939 4129 z.
953 4080 975 4130 Ι.
989 4083 1030 4158 233
1044 4082 1067 4127 1.
1081 4102 1113 4114 —-
1126 4077 1265 4144 quodam]

154 4078 263 4264 gntlepn
280 4146 403 4211 Fubrer,
428 4147 478 4197 auf
497 4145 617 4198 Geberss
635 4144 685 4197 des
736 4143 1177 4264 S.bz5l{.23.2.—btterarum]
1192 4145 1267 4196 Gen.

176 4229 228 4264 ena
244 4229 283 4266 es.
736 4228 769 4264 su
788 4229 856 4278 Jec.
