3000 4650
515 263 544 319 T.
559 262 745 320 POMPONIUS
760 261 908 320 anricus.
976 297 978 304 =
1224 257 1264 324 77

152 447 237 493 meae
250 447 286 490 ac
300 427 440 489 voluntati
454 445 589 489 meorum
603 426 739 489 defuisse.
786 426 871 499 Quod
887 445 934 488 me
952 443 1039 506 saepe
1054 445 1191 498 accusas,
1209 445 1263 490 eur
1284 433 1304 495 2

153 515 233 576 buno
247 531 347 574 meum
362 530 463 573 casum
477 520 536 573 tam
550 512 677 588 graviter
700 511 808 580 ieram,
833 511 924 574 debes
946 512 1117 589 ignoscere,
1141 529 1209 572 cum
1227 513 1266 584 ita

154 617 202 660 me
220 598 361 659 ailliotum
375 597 489 668 videas,
505 604 539 657 ut
551 597 701 657 neminem
715 613 846 676 unquam
861 613 917 658 nec
931 595 1038 657 videris
1057 614 1113 658 nec
1128 596 1264 658 audieris.

153 684 226 744 Nam
245 681 324 762 quod
339 681 444 743 scribis
459 688 489 742 te
506 679 608 742 audire
629 698 677 741 me
692 681 780 740 etiam
800 681 907 742 mentis
924 697 1027 741 errore
1048 697 1085 741 ex
1099 679 1201 742 dolore
1223 681 1266 742 ai-

153 767 215 836 iici,
232 766 304 828 mibi
320 784 390 827 nero
404 783 489 827 mens
511 765 627 841 integra
649 772 702 826 est
737 764 833 843 Atque
858 765 970 825 utinam
992 771 1054 826 tam
1078 766 1109 827 in
1134 765 1267 844 periculo

153 851 272 912 luisset!
295 869 363 911 eum
388 867 443 929 ego
465 850 516 917 iis,
537 847 645 928 quibus
660 850 756 909 meatu
771 846 893 910 salutem
909 849 1089 910 carissimam
1106 866 1171 911 esse
1187 849 1266 911 arbi·

153 936 264 1007 trahar,
283 935 491 996 inimicissimis
507 931 775 1011 crudelissimisque
794 950 865 994 usus
880 951 961 1010 sum3
986 934 1052 1012 qui,
1072 941 1105 995 ut
1122 951 1170 995 me
1185 935 1267 1012 paul·

154 1019 216 1082 lum
233 1017 371 1080 inclinari
384 1019 491 1080 timore
504 1016 655 1087 viderunt,
672 1017 714 1078 sie
727 1015 924 1096 impulerunt,
940 1025 973 1078 ut
988 1020 1068 1079 omni
1083 1036 1137 1082 suo
1155 1017 1268 1081 scelere

155 1112 184 1166 et
205 1104 330 1182 perfidia
357 1101 551 1164 abuterentur
582 1101 620 1162 ad
649 1102 769 1164 exitium
791 1119 900 1164 meum.
935 1100 1034 1171 Nunc,
1060 1103 1198 1181 quoniam
1224 1112 1269 1165 est

156 1188 294 1269 Cyzicum
307 1186 393 1249 uobis
408 1187 547 1257 eundum,
563 1205 623 1268 quo
641 1187 738 1248 rarius
753 1186 790 1247 ad
806 1205 854 1248 rue
870 1185 985 1248 litterae
998 1189 1195 1266 perferentur,
1211 1187 1269 1250 hoc

154 1273 243 1334 velim
257 1271 425 1352 diligentius
445 1271 557 1342 omnia,
582 1289 657 1351 quae
674 1272 787 1350 putaris
802 1289 850 1332 me
864 1271 940 1332 scire
955 1288 1029 1351 opus
1044 1289 1124 1343 esse,
1139 1274 1268 1352 perscri-

155 1357 218 1419 bas.
253 1355 393 1427 Quiutum
409 1357 532 1418 fratrem
549 1373 647 1418 meum
661 1356 709 1416 iae
726 1354 847 1434 diligam
869 1373 957 1434 quem
970 1371 1025 1433 ego
1044 1357 1134 1418 miser
1150 1357 1174 1417 si
1188 1359 1269 1418 inco·

155 1442 267 1503 lumem
280 1439 426 1520 relinquo,
442 1458 503 1502 non
517 1459 566 1503 me
580 1445 675 1501 totum
691 1442 804 1519 perisse
820 1439 995 1502 arbitrabor.
1022 1441 1085 1503 bat.
1102 1440 1176 1502 Non.
1188 1441 1268 1503 Sext.

565 1604 868 1671 EmsronsVIIII.

559 1729 676 1788 CICERO
702 1729 821 1788 b‘l'llCO
849 1729 876 1786 S.

243 1861 345 1933 Quoad
366 1861 510 1925 eiusmodi
529 1860 600 1922 rnibi
621 1861 736 1924 litterae
756 1861 872 1923 anobis
887 1860 1098 1939 afferebantur,
1112 1867 1145 1921 ut
1160 1859 1268 1940 aliquid
1291 1867 1309 1927 1

159 1967 195 2009 ex
211 1948 246 2009 iis
261 1956 339 2009 esset
355 1945 595 2026 exspectandum,
611 1963 664 2026 spe
680 1954 709 2007 et
722 1946 881 2024 cupiditate
895 1944 1120 2010 Thessalonicae
1139 1953 1272 2008 retentus

160 2049 239 2101 sum3
255 2040 357 2111 postea
372 2050 460 2112 quam
475 2032 570 2092 omnis
585 2032 659 2092 actio
674 2030 763 2092 buius
779 2032 848 2091 anni
866 2029 998 2090 coniecta
1013 2029 1099 2091 nobis
1110 2029 1272 2114 videbatur,

160 2119 190 2178 in
205 2099 473 2190 Aslaffirenolui,
495 2115 574 2194 quod
594 2123 624 2176 et
643 2114 799 2176 celebritas
819 2113 892 2174 mibi
913 2114 981 2175 odio
1002 2120 1047 2175 est
1076 2121 1120 2187 et,
1141 2115 1166 2175 si
1188 2103 1274 2176 deret

161 2201 270 2282 aliquid
291 2220 308 2262 a
331 2201 415 2261 noris
436 2197 668 2278 magistratibus,
694 2197 800 2260 abesse
825 2197 913 2278 longe
940 2195 1085 2259 nolebam.
1120 2198 1221 2279 ltaque
1242 2201 1273 2260 in

160 2285 284 2365 Epirum
302 2284 339 2346 ad
354 2290 383 2347 te
397 2285 486 2347 statui
503 2301 550 2344 me
569 2282 720 2354 conferre,
737 2299 797 2343 uon
816 2298 875 2364 quo
890 2299 956 2345 mea
970 2283 1126 2346 interesset
1146 2283 1202 2346 loci
1221 2301 1273 2345 na·

159 2378 237 2437 tura,
254 2370 303 2448 qui
321 2368 418 2430 lucem
434 2369 553 2429 omnino
569 2367 716 2444 lugerem
732 2366 785 2428 sed
800 2375 829 2428 et
842 2367 880 2429 ad
893 2366 1015 2430 salutern
1029 2367 1221 2430 libentissime
1236 2388 1273 2430 ex

161 2461 213 2511 tuo
229 2460 317 2531 portu
332 2453 504 2529 proficiscar
520 2460 563 2521 et,
581 2453 605 2511 si
620 2469 654 2513 ea
668 2452 800 2529 praecisa
818 2452 888 2520 erit,
909 2469 1055 2530 nusquam
1069 2452 1184 2514 facilius
1197 2452 1273 2515 hanc

162 2536 359 2597 miserrimam
373 2537 461 2596 vitam
473 2535 519 2597 vel
536 2536 706 2597 sustentabo
720 2534 783 2607 rel,
799 2535 878 2617 quod
894 2534 986 2597 multo
1000 2544 1044 2597 est
1057 2536 1178 2607 melius,
1194 2537 1274 2598 abie-

162 2638 242 2682 cero.
272 2619 334 2680 Ero
349 2638 417 2681 cum
432 2622 548 2698 paucis3
569 2619 784 2682 multitudinem
805 2620 957 2683 dimittam.
1000 2620 1047 2683 ble
1067 2629 1135 2682 tuae
1157 2619 1271 2683 litterae
1293 2627 1313 2688 2

161 2722 314 2785 nunquam
328 2708 359 2765 in
374 2712 485 2766 tantam
498 2722 583 2783 spem
597 2706 799 2776 adduxerunt,
816 2713 955 2785 quantam
970 2703 1106 2768 aliorum.
1138 2706 1275 2767 Attamen

162 2808 228 2851 mea
243 2806 310 2868 spes
325 2790 413 2851 etiam
427 2791 544 2850 tenuior
558 2806 675 2870 semper
692 2790 747 2851 luit
762 2807 850 2867 quam
863 2797 930 2851 tuae
945 2788 1067 2853 litterae.
1092 2789 1149 2851 Sed
1164 2797 1273 2861 tannen,

163 2875 301 2953 quoniam
316 2881 454 2952 coeptum
472 2881 516 2935 est
533 2875 589 2951 agi,
608 2874 833 2953 quoquomodo
851 2881 990 2952 coeptum
1007 2881 1052 2935 est
1063 2881 1092 2934 et
1101 2892 1276 2953 quacunque

149 2960 199 3020 'de
215 2976 312 3028 causa,
327 2976 387 3019 non
402 2957 537 3019 deseram
551 2975 647 3036 neque
662 2960 765 3038 optimi
782 2966 869 3038 atque
883 2959 964 3018 unici
978 2958 1078 3019 fratris
1092 2960 1227 3020 miserias
1242 2976 1277 3021 ac

162 3156 225 3225 ete]
244 3159 303 3211 Der
314 3158 386 3210 Sinn
401 3157 453 3210 ist:
473 3157 554 3209 Dsnn
567 3158 638 3211 habe
650 3158 695 3211 iob
746 3175 801 3211 von
815 3159 894 3213 einer
907 3158 1109 3213 wiederholten
1124 3159 1277 3227 Handlung

164 3224 544 3292 Gednldgenugbewiesen.
613 3261 615 3270 .
745 3227 814 3279 oder
838 3226 927 3279 sinent
951 3227 1115 3280 dauernden
1134 3228 1278 3280 Zustande

198 3296 224 3343 2.
235 3294 334 3343 mentis
346 3290 449 3359 errore]
463 3292 696 3346 lrrsinst.—milti
746 3294 877 3347 diellede
888 3292 940 3357 ist,
954 3294 1086 3347 odwsuu
1099 3301 1278 3361 posteaquam

164 3358 244 3425 cero]
258 3375 322 3409 cero
339 3357 498 3427 bekriitigt
509 3359 554 3412 die
568 3360 696 3430 Beboup-
746 3378 777 3414 so
790 3360 847 3413 viel
865 3361 917 3425 ist,
934 3361 1127 3413 wie'nasbber
1143 3362 1199 3427 cis,
1217 3362 1277 3413 also

164 3432 235 3493 tung
250 3425 435 3491 :fdrwabn
454 3452 487 3463 -
503 3427 574 3494 tam]
596 3446 635 3483 sc.
651 3429 696 3480 iss-
746 3429 792 3481 die
819 3428 975 3495 Hendluug
1009 3428 1058 3481 des
1087 3430 1277 3498 Hauptsataes
1290 3424 1302 3625 Ι

163 3500 241 3558 teprc
265 3520 298 3530 -
320 3493 352 3544 in
368 3489 507 3561 periculo]
532 3495 572 3547 als
590 3513 622 3549 er
638 3513 696 3548 von
745 3495 1199 3564 nicbtalsunmittelbariolgend
1213 3514 1279 3549 son-

165 3560 263 3613 seinen
276 3560 403 3613 lleinden
421 3561 541 3613 bedrobt
558 3579 608 3615 aus
625 3564 696 3617 Rom
747 3564 818 3616 dern
832 3563 873 3615 als
886 3563 1280 3632 spiterersteintretendbe-

165 3628 246 3679 wicb.
264 3656 296 3665 -
317 3627 516 3680 inimicissimis
532 3647 602 3682 usus
619 3630 698 3697 sum]
747 3631 878 3684 zeicbnet
888 3631 1004 3683 werden
1015 3632 1078 3684 soll.
1089 3634 1161 3683 —in
1170 3632 1277 3699 Asiam]

165 3696 187 3747 I.
200 3701 225 3748 3.
239 3699 263 3747 1.
299 3697 412 3748 Gewiss
429 3697 544 3749 werden
563 3697 696 3765 subrigens
748 3700 776 3751 d.
788 3698 807 3750 i.
821 3699 892 3751 nscb
904 3698 1035 3765 Cyzicus.
1048 3726 1080 3737 -
1091 3699 1236 3751 interesset
1246 3727 1280 3737 -

164 3764 284 3817 Manebe
302 3763 529 3831 ausEgoisrnus,
547 3781 591 3817 urn
607 3766 699 3819 selbst
747 3765 871 3833 natura]
897 3766 983 3819 Diese
1006 3766 1183 3834 persdnliobe
1204 3767 1279 3819 (lon-

164 3830 219 3883 den
237 3830 340 3883 Mdben
358 3831 406 3883 des
425 3831 561 3900 Kampfes
579 3850 613 3885 zu
636 3840 699 3885 ent·
748 3833 946 3887 structionbei
956 3834 1071 3887 interest
1080 3834 1280 3903 niderspricbt

165 3898 263 3965 geben,
276 3898 378 3951 Cicero
390 3900 526 3966 geratben
538 3900 637 3966 baben,
651 3901 698 3954 dis
749 3902 801 3960 der
811 3902 1114 3969 grammat.Regelund
1123 3901 1212 3955 findet
1221 3903 1281 3954 siob

165 3967 301 4019 stadum
318 3965 473 4019 verlassen.
496 3996 528 4006 -
553 3967 696 4035 Caicum]
748 3970 854 4032 seiten,
879 3969 990 4021 obwobl
1007 3969 1078 4022 auch
1093 3968 1123 4020 in
1141 3970 1192 4021 der
1207 3972 1280 4021 Ver-

165 4033 188 4088 1.
202 4038 225 4085 1.
238 4037 309 4085 2-
327 4050 374 4099 epo
386 4032 526 4100 miser]S.
539 3987 598 4089 md.
613 4040 637 4089 1.
649 4039 674 4090 5.
746 4036 876 4102 bindung
906 4036 955 4089 mit
983 4036 1043 4088 denr
1067 4036 1169 4089 Neutr.
1193 4036 1279 4089 Pron.

198 4103 294 4182 Euan.
308 4103 395 4153 VIIII.
415 4104 486 4164 (696.
499 4106 553 4165 58.)
747 4104 863 4184 interest
873 4103 1034 4156 niobtmebr
1043 4120 1113 4171 ganz
1125 4104 1280 4171 unpersiin-

160 4167 697 4347 {pdlpddddqeddrdtusrdelldtaddsyl‘dddefzdddddd
747 4170 805 4291 hed.
818 4171 980 4305 sddtldstdtum]
1005 4237 1057 4291 Die
1081 4236 1279 4305 Praeposition
