<?xml version="1.0" encoding="UTF-8"?>
<!DOCTYPE html PUBLIC "-//W3C//DTD XHTML 1.0 Transitional//EN"
    "http://www.w3.org/TR/xhtml1/DTD/xhtml1-transitional.dtd">
<html xmlns="http://www.w3.org/1999/xhtml" xml:lang="en" lang="en">
 <head>
  <title>
</title>
<meta http-equiv="Content-Type" content="text/html;charset=utf-8" />
  <meta name='ocr-system' content='tesseract 3.04.00' />
  <meta name='ocr-capabilities' content='ocr_page ocr_carea ocr_par ocr_line ocrx_word'/>
</head>
<body>
  <div class='ocr_page' id='page_1' title='image "ausgewhltebrief00freygoog_0171.png"; bbox 0 0 3000 4650; ppageno 0'>
   <div class='ocr_carea' id='block_1_1' title="bbox 526 300 875 363">
    <p class='ocr_par' dir='ltr' id='par_1_1' title="bbox 526 300 875 363">
     <span class='ocr_line' id='line_1_1' title="bbox 526 300 875 363; baseline -0.017 -1"><span class='ocrx_word' id='word_1_1' title='bbox 526 307 557 362; x_wconf 76' lang='lat' dir='ltr'>A.</span> <span class='ocrx_word' id='word_1_2' title='bbox 573 304 712 363; x_wconf 83' lang='lat' dir='ltr'>LICINIUS</span> <span class='ocrx_word' id='word_1_3' title='bbox 727 300 875 360; x_wconf 77' lang='lat' dir='ltr'>CAECINA.</span> 
     </span>
    </p>
   </div>
   <div class='ocr_carea' id='block_1_2' title="bbox 460 543 947 730">
    <p class='ocr_par' dir='ltr' id='par_1_2' title="bbox 460 543 947 730">
     <span class='ocr_line' id='line_1_2' title="bbox 527 543 881 615; baseline -0.014 -3"><span class='ocrx_word' id='word_1_4' title='bbox 527 548 707 615; x_wconf 81' lang='lat' dir='ltr'>Errsronn</span> <span class='ocrx_word' id='word_1_5' title='bbox 729 543 881 612; x_wconf 87' lang='lat' dir='ltr'>XXVII.</span> 
     </span>
     <span class='ocr_line' id='line_1_3' title="bbox 460 648 947 730; baseline -0.016 0"><span class='ocrx_word' id='word_1_6' title='bbox 460 673 493 730; x_wconf 88' lang='lat' dir='ltr'>u.</span> <span class='ocrx_word' id='word_1_7' title='bbox 508 673 624 730; x_wconf 85' lang='lat' dir='ltr'>crosno</span> <span class='ocrx_word' id='word_1_8' title='bbox 639 672 667 729; x_wconf 80' lang='lat' dir='ltr'>e.</span> <span class='ocrx_word' id='word_1_9' title='bbox 684 673 714 729; x_wconf 88' lang='lat' dir='ltr'>n.</span> <span class='ocrx_word' id='word_1_10' title='bbox 730 674 763 728; x_wconf 81' lang='lat' dir='ltr'>n.</span> <span class='ocrx_word' id='word_1_11' title='bbox 778 648 947 726; x_wconf 73' lang='lat' dir='ltr'>emotum.</span> 
     </span>
    </p>
   </div>
   <div class='ocr_carea' id='block_1_3' title="bbox 143 788 1306 3061">
    <p class='ocr_par' dir='ltr' id='par_1_3' title="bbox 143 788 1306 3061">
     <span class='ocr_line' id='line_1_4' title="bbox 230 788 1304 880; baseline -0.014 -16"><span class='ocrx_word' id='word_1_12' title='bbox 230 800 471 880; x_wconf 79' lang='lat' dir='ltr'>Quotiescunque</span> <span class='ocrx_word' id='word_1_13' title='bbox 492 801 584 865; x_wconf 81' lang='lat' dir='ltr'>tilium</span> <span class='ocrx_word' id='word_1_14' title='bbox 597 810 682 863; x_wconf 91' lang='lat' dir='ltr'>tuum</span> <span class='ocrx_word' id='word_1_15' title='bbox 696 800 781 863; x_wconf 86' lang='lat' dir='ltr'>video</span> <span class='ocrx_word' id='word_1_16' title='bbox 805 834 841 845; x_wconf 96' lang='lat'>-</span> <span class='ocrx_word' id='word_1_17' title='bbox 864 798 950 860; x_wconf 86' lang='lat' dir='ltr'>video</span> <span class='ocrx_word' id='word_1_18' title='bbox 971 801 1072 858; x_wconf 81' lang='lat' dir='ltr'>autem</span> <span class='ocrx_word' id='word_1_19' title='bbox 1087 794 1152 854; x_wconf 81' lang='lat' dir='ltr'>fere</span> <span class='ocrx_word' id='word_1_20' title='bbox 1167 791 1264 870; x_wconf 86' lang='lat' dir='ltr'>quoti·</span> <span class='ocrx_word' id='word_1_21' title='bbox 1287 788 1304 849; x_wconf 92' lang='lat'>1</span> 
     </span>
     <span class='ocr_line' id='line_1_5' title="bbox 143 875 1264 966; baseline -0.011 -19"><span class='ocrx_word' id='word_1_22' title='bbox 143 886 192 947; x_wconf 82' lang='lat' dir='ltr'>die</span> <span class='ocrx_word' id='word_1_23' title='bbox 206 917 263 956; x_wconf 88' lang='lat'>-,</span> <span class='ocrx_word' id='word_1_24' title='bbox 279 885 421 966; x_wconf 89' lang='lat' dir='ltr'>polliceor</span> <span class='ocrx_word' id='word_1_25' title='bbox 441 886 468 947; x_wconf 89' lang='lat' dir='ltr'>ci</span> <span class='ocrx_word' id='word_1_26' title='bbox 482 887 611 948; x_wconf 89' lang='lat' dir='ltr'>studium</span> <span class='ocrx_word' id='word_1_27' title='bbox 625 887 744 966; x_wconf 88' lang='lat' dir='ltr'>quidem</span> <span class='ocrx_word' id='word_1_28' title='bbox 759 901 861 945; x_wconf 87' lang='lat' dir='ltr'>meum</span> <span class='ocrx_word' id='word_1_29' title='bbox 875 888 905 945; x_wconf 87' lang='lat' dir='ltr'>et</span> <span class='ocrx_word' id='word_1_30' title='bbox 922 897 1044 960; x_wconf 87' lang='lat' dir='ltr'>operam</span> <span class='ocrx_word' id='word_1_31' title='bbox 1060 880 1126 940; x_wconf 90' lang='lat' dir='ltr'>sine</span> <span class='ocrx_word' id='word_1_32' title='bbox 1141 875 1201 938; x_wconf 83' lang='lat' dir='ltr'>ulla</span> <span class='ocrx_word' id='word_1_33' title='bbox 1213 894 1264 936; x_wconf 83' lang='lat' dir='ltr'>ex·</span> 
     </span>
     <span class='ocr_line' id='line_1_6' title="bbox 145 963 1264 1049; baseline -0.009 -19"><span class='ocrx_word' id='word_1_34' title='bbox 145 971 280 1049; x_wconf 83' lang='lat' dir='ltr'>ceptIone</span> <span class='ocrx_word' id='word_1_35' title='bbox 295 977 345 1031; x_wconf 91' lang='lat' dir='ltr'>aut</span> <span class='ocrx_word' id='word_1_36' title='bbox 358 970 469 1048; x_wconf 89' lang='lat' dir='ltr'>laboris</span> <span class='ocrx_word' id='word_1_37' title='bbox 483 977 533 1032; x_wconf 86' lang='lat' dir='ltr'>aut</span> <span class='ocrx_word' id='word_1_38' title='bbox 551 971 752 1049; x_wconf 77' lang='lat' dir='ltr'>occupationis</span> <span class='ocrx_word' id='word_1_39' title='bbox 766 976 816 1029; x_wconf 90' lang='lat' dir='ltr'>aut</span> <span class='ocrx_word' id='word_1_40' title='bbox 829 967 988 1045; x_wconf 88' lang='lat' dir='ltr'>temporis,</span> <span class='ocrx_word' id='word_1_41' title='bbox 1018 963 1144 1040; x_wconf 71' lang='lat' dir='ltr'>grabam</span> <span class='ocrx_word' id='word_1_42' title='bbox 1164 966 1264 1021; x_wconf 86' lang='lat' dir='ltr'>autem</span> 
     </span>
     <span class='ocr_line' id='line_1_7' title="bbox 144 1046 1264 1133; baseline -0.012 -17"><span class='ocrx_word' id='word_1_43' title='bbox 144 1061 233 1133; x_wconf 88' lang='lat' dir='ltr'>atque</span> <span class='ocrx_word' id='word_1_44' title='bbox 248 1055 452 1131; x_wconf 76' lang='lat' dir='ltr'>auctoritatem</span> <span class='ocrx_word' id='word_1_45' title='bbox 464 1071 532 1115; x_wconf 89' lang='lat' dir='ltr'>cum</span> <span class='ocrx_word' id='word_1_46' title='bbox 547 1054 603 1114; x_wconf 91' lang='lat' dir='ltr'>bac</span> <span class='ocrx_word' id='word_1_47' title='bbox 620 1053 809 1131; x_wconf 83' lang='lat' dir='ltr'>exceptione,</span> <span class='ocrx_word' id='word_1_48' title='bbox 825 1056 967 1131; x_wconf 88' lang='lat' dir='ltr'>quantum</span> <span class='ocrx_word' id='word_1_49' title='bbox 978 1046 1090 1109; x_wconf 81' lang='lat' dir='ltr'>valeam</span> <span class='ocrx_word' id='word_1_50' title='bbox 1106 1051 1264 1125; x_wconf 86' lang='lat' dir='ltr'>quantum·</span> 
     </span>
     <span class='ocr_line' id='line_1_8' title="bbox 143 1130 1265 1216; baseline -0.011 -17"><span class='ocrx_word' id='word_1_51' title='bbox 143 1155 204 1216; x_wconf 84' lang='lat' dir='ltr'>que</span> <span class='ocrx_word' id='word_1_52' title='bbox 218 1139 340 1216; x_wconf 88' lang='lat' dir='ltr'>possim.</span> <span class='ocrx_word' id='word_1_53' title='bbox 373 1136 462 1199; x_wconf 90' lang='lat' dir='ltr'>Liber</span> <span class='ocrx_word' id='word_1_54' title='bbox 476 1145 544 1199; x_wconf 90' lang='lat' dir='ltr'>tuus</span> <span class='ocrx_word' id='word_1_55' title='bbox 559 1145 588 1199; x_wconf 90' lang='lat' dir='ltr'>et</span> <span class='ocrx_word' id='word_1_56' title='bbox 608 1137 703 1202; x_wconf 88' lang='lat' dir='ltr'>lectus</span> <span class='ocrx_word' id='word_1_57' title='bbox 716 1142 764 1197; x_wconf 87' lang='lat' dir='ltr'>est</span> <span class='ocrx_word' id='word_1_58' title='bbox 783 1143 813 1196; x_wconf 91' lang='lat' dir='ltr'>et</span> <span class='ocrx_word' id='word_1_59' title='bbox 826 1136 933 1214; x_wconf 80' lang='lat' dir='ltr'>legitur</span> <span class='ocrx_word' id='word_1_60' title='bbox 954 1151 971 1194; x_wconf 90' lang='lat' dir='ltr'>a</span> <span class='ocrx_word' id='word_1_61' title='bbox 989 1149 1038 1194; x_wconf 86' lang='lat' dir='ltr'>me</span> <span class='ocrx_word' id='word_1_62' title='bbox 1056 1130 1214 1208; x_wconf 84' lang='lat' dir='ltr'>diiigenter</span> <span class='ocrx_word' id='word_1_63' title='bbox 1236 1135 1265 1188; x_wconf 95' lang='lat' dir='ltr'>et</span> 
     </span>
     <span class='ocr_line' id='line_1_9' title="bbox 145 1216 1264 1299; baseline -0.01 -17"><span class='ocrx_word' id='word_1_64' title='bbox 145 1220 311 1282; x_wconf 84' lang='lat' dir='ltr'>custoditur</span> <span class='ocrx_word' id='word_1_65' title='bbox 326 1220 558 1299; x_wconf 82' lang='lat' dir='ltr'>dIIIgentissime.</span> <span class='ocrx_word' id='word_1_66' title='bbox 580 1220 640 1284; x_wconf 86' lang='lat' dir='ltr'>Ros</span> <span class='ocrx_word' id='word_1_67' title='bbox 651 1227 680 1282; x_wconf 92' lang='lat' dir='ltr'>et</span> <span class='ocrx_word' id='word_1_68' title='bbox 693 1220 830 1282; x_wconf 79' lang='lat' dir='ltr'>fortunae</span> <span class='ocrx_word' id='word_1_69' title='bbox 844 1224 912 1280; x_wconf 87' lang='lat' dir='ltr'>tuae</span> <span class='ocrx_word' id='word_1_70' title='bbox 926 1217 999 1278; x_wconf 90' lang='lat' dir='ltr'>mibi</span> <span class='ocrx_word' id='word_1_71' title='bbox 1013 1216 1158 1276; x_wconf 80' lang='lat' dir='ltr'>maximae</span> <span class='ocrx_word' id='word_1_72' title='bbox 1173 1229 1264 1272; x_wconf 88' lang='lat' dir='ltr'>curae</span> 
     </span>
     <span class='ocr_line' id='line_1_10' title="bbox 145 1297 1264 1384; baseline -0.008 -20"><span class='ocrx_word' id='word_1_73' title='bbox 145 1311 228 1372; x_wconf 85' lang='lat' dir='ltr'>sunt;</span> <span class='ocrx_word' id='word_1_74' title='bbox 262 1322 337 1384; x_wconf 87' lang='lat' dir='ltr'>quae</span> <span class='ocrx_word' id='word_1_75' title='bbox 360 1304 480 1384; x_wconf 90' lang='lat' dir='ltr'>quidem</span> <span class='ocrx_word' id='word_1_76' title='bbox 500 1306 630 1384; x_wconf 82' lang='lat' dir='ltr'>quotidie</span> <span class='ocrx_word' id='word_1_77' title='bbox 652 1303 798 1366; x_wconf 81' lang='lat' dir='ltr'>faciliores</span> <span class='ocrx_word' id='word_1_78' title='bbox 818 1302 891 1364; x_wconf 88' lang='lat' dir='ltr'>mihi</span> <span class='ocrx_word' id='word_1_79' title='bbox 907 1308 937 1363; x_wconf 89' lang='lat' dir='ltr'>et</span> <span class='ocrx_word' id='word_1_80' title='bbox 958 1299 1098 1362; x_wconf 89' lang='lat' dir='ltr'>meliores</span> <span class='ocrx_word' id='word_1_81' title='bbox 1117 1297 1264 1366; x_wconf 82' lang='lat' dir='ltr'>videntur,</span> 
     </span>
     <span class='ocr_line' id='line_1_11' title="bbox 145 1381 1263 1468; baseline -0.003 -20"><span class='ocrx_word' id='word_1_82' title='bbox 145 1386 304 1466; x_wconf 82' lang='lat' dir='ltr'>muItIsque</span> <span class='ocrx_word' id='word_1_83' title='bbox 319 1389 404 1450; x_wconf 90' lang='lat' dir='ltr'>video</span> <span class='ocrx_word' id='word_1_84' title='bbox 419 1406 545 1468; x_wconf 78' lang='lat' dir='ltr'>magnae</span> <span class='ocrx_word' id='word_1_85' title='bbox 560 1407 624 1450; x_wconf 88' lang='lat' dir='ltr'>esse</span> <span class='ocrx_word' id='word_1_86' title='bbox 641 1407 747 1458; x_wconf 89' lang='lat' dir='ltr'>curae,</span> <span class='ocrx_word' id='word_1_87' title='bbox 777 1404 906 1468; x_wconf 91' lang='lat' dir='ltr'>quorum</span> <span class='ocrx_word' id='word_1_88' title='bbox 929 1384 967 1446; x_wconf 86' lang='lat' dir='ltr'>de</span> <span class='ocrx_word' id='word_1_89' title='bbox 989 1382 1086 1445; x_wconf 90' lang='lat' dir='ltr'>studio</span> <span class='ocrx_word' id='word_1_90' title='bbox 1099 1388 1129 1443; x_wconf 90' lang='lat' dir='ltr'>et</span> <span class='ocrx_word' id='word_1_91' title='bbox 1151 1381 1188 1442; x_wconf 90' lang='lat' dir='ltr'>de</span> <span class='ocrx_word' id='word_1_92' title='bbox 1210 1400 1263 1445; x_wconf 87' lang='lat' dir='ltr'>sua</span> 
     </span>
     <span class='ocr_line' id='line_1_12' title="bbox 143 1465 1306 1552; baseline -0.003 -20"><span class='ocrx_word' id='word_1_93' title='bbox 143 1489 199 1551; x_wconf 90' lang='lat' dir='ltr'>spe</span> <span class='ocrx_word' id='word_1_94' title='bbox 217 1471 311 1534; x_wconf 86' lang='lat' dir='ltr'>tiiinm</span> <span class='ocrx_word' id='word_1_95' title='bbox 332 1473 369 1534; x_wconf 90' lang='lat' dir='ltr'>ad</span> <span class='ocrx_word' id='word_1_96' title='bbox 386 1479 415 1534; x_wconf 87' lang='lat' dir='ltr'>te</span> <span class='ocrx_word' id='word_1_97' title='bbox 427 1473 637 1552; x_wconf 78' lang='lat' dir='ltr'>perscripsisse</span> <span class='ocrx_word' id='word_1_98' title='bbox 652 1479 733 1535; x_wconf 88' lang='lat' dir='ltr'>certo</span> <span class='ocrx_word' id='word_1_99' title='bbox 748 1472 820 1532; x_wconf 87' lang='lat' dir='ltr'>scio.</span> <span class='ocrx_word' id='word_1_100' title='bbox 856 1470 895 1532; x_wconf 86' lang='lat' dir='ltr'>iis</span> <span class='ocrx_word' id='word_1_101' title='bbox 908 1476 1007 1530; x_wconf 88' lang='lat' dir='ltr'>autem</span> <span class='ocrx_word' id='word_1_102' title='bbox 1022 1467 1059 1529; x_wconf 89' lang='lat' dir='ltr'>de</span> <span class='ocrx_word' id='word_1_103' title='bbox 1074 1465 1174 1536; x_wconf 88' lang='lat' dir='ltr'>rebus,</span> <span class='ocrx_word' id='word_1_104' title='bbox 1190 1484 1264 1545; x_wconf 84' lang='lat' dir='ltr'>quas</span> <span class='ocrx_word' id='word_1_105' title='bbox 1285 1472 1306 1532; x_wconf 77' lang='lat'><strong>2</strong></span> 
     </span>
     <span class='ocr_line' id='line_1_13' title="bbox 147 1550 1262 1636; baseline -0.003 -21"><span class='ocrx_word' id='word_1_106' title='bbox 147 1556 318 1618; x_wconf 88' lang='lat' dir='ltr'>coniectura</span> <span class='ocrx_word' id='word_1_107' title='bbox 335 1557 477 1635; x_wconf 87' lang='lat' dir='ltr'>consequi</span> <span class='ocrx_word' id='word_1_108' title='bbox 490 1573 670 1636; x_wconf 90' lang='lat' dir='ltr'>possumus,</span> <span class='ocrx_word' id='word_1_109' title='bbox 688 1573 749 1616; x_wconf 89' lang='lat' dir='ltr'>non</span> <span class='ocrx_word' id='word_1_110' title='bbox 765 1554 837 1616; x_wconf 89' lang='lat' dir='ltr'>mibi</span> <span class='ocrx_word' id='word_1_111' title='bbox 855 1570 957 1623; x_wconf 89' lang='lat' dir='ltr'>sumo,</span> <span class='ocrx_word' id='word_1_112' title='bbox 979 1550 1093 1629; x_wconf 89' lang='lat' dir='ltr'>utplus</span> <span class='ocrx_word' id='word_1_113' title='bbox 1107 1551 1171 1628; x_wconf 89' lang='lat' dir='ltr'>ipse</span> <span class='ocrx_word' id='word_1_114' title='bbox 1191 1567 1262 1628; x_wconf 91' lang='lat' dir='ltr'>pro·</span> 
     </span>
     <span class='ocr_line' id='line_1_14' title="bbox 146 1635 1265 1720; baseline -0.006 -21"><span class='ocrx_word' id='word_1_115' title='bbox 146 1640 285 1718; x_wconf 79' lang='lat' dir='ltr'>spiciam,</span> <span class='ocrx_word' id='word_1_116' title='bbox 300 1656 389 1719; x_wconf 85' lang='lat' dir='ltr'>quarn</span> <span class='ocrx_word' id='word_1_117' title='bbox 408 1647 438 1702; x_wconf 87' lang='lat' dir='ltr'>te</span> <span class='ocrx_word' id='word_1_118' title='bbox 459 1641 559 1702; x_wconf 84' lang='lat' dir='ltr'>videre</span> <span class='ocrx_word' id='word_1_119' title='bbox 581 1651 669 1720; x_wconf 88' lang='lat' dir='ltr'>atque</span> <span class='ocrx_word' id='word_1_120' title='bbox 688 1639 854 1718; x_wconf 83' lang='lat' dir='ltr'>intelligere</span> <span class='ocrx_word' id='word_1_121' title='bbox 874 1637 947 1699; x_wconf 88' lang='lat' dir='ltr'>mibi</span> <span class='ocrx_word' id='word_1_122' title='bbox 966 1636 1180 1715; x_wconf 66' lang='lat' dir='ltr'>persuaserim</span> <span class='ocrx_word' id='word_1_123' title='bbox 1211 1635 1265 1694; x_wconf 89' lang='lat' dir='ltr'>sed</span> 
     </span>
     <span class='ocr_line' id='line_1_15' title="bbox 144 1717 1264 1804; baseline -0.005 -21"><span class='ocrx_word' id='word_1_124' title='bbox 144 1730 255 1794; x_wconf 88' lang='lat' dir='ltr'>tamen,</span> <span class='ocrx_word' id='word_1_125' title='bbox 272 1725 339 1803; x_wconf 86' lang='lat' dir='ltr'>quia</span> <span class='ocrx_word' id='word_1_126' title='bbox 355 1724 421 1786; x_wconf 85' lang='lat' dir='ltr'>fieri</span> <span class='ocrx_word' id='word_1_127' title='bbox 435 1731 548 1804; x_wconf 88' lang='lat' dir='ltr'>potest,</span> <span class='ocrx_word' id='word_1_128' title='bbox 565 1733 597 1787; x_wconf 91' lang='lat' dir='ltr'>ut</span> <span class='ocrx_word' id='word_1_129' title='bbox 610 1732 643 1786; x_wconf 93' lang='lat' dir='ltr'>tu</span> <span class='ocrx_word' id='word_1_130' title='bbox 660 1743 695 1786; x_wconf 88' lang='lat' dir='ltr'>ea</span> <span class='ocrx_word' id='word_1_131' title='bbox 709 1722 931 1803; x_wconf 81' lang='lat' dir='ltr'>perturbatiore</span> <span class='ocrx_word' id='word_1_132' title='bbox 945 1721 1045 1782; x_wconf 88' lang='lat' dir='ltr'>animo</span> <span class='ocrx_word' id='word_1_133' title='bbox 1056 1717 1177 1796; x_wconf 81' lang='lat' dir='ltr'>cogites,</span> <span class='ocrx_word' id='word_1_134' title='bbox 1191 1724 1264 1796; x_wconf 89' lang='lat' dir='ltr'>puto</span> 
     </span>
     <span class='ocr_line' id='line_1_16' title="bbox 145 1803 1264 1890; baseline -0.007 -22"><span class='ocrx_word' id='word_1_135' title='bbox 145 1823 212 1868; x_wconf 85' lang='lat' dir='ltr'>esse</span> <span class='ocrx_word' id='word_1_136' title='bbox 225 1825 340 1878; x_wconf 88' lang='lat' dir='ltr'>meum,</span> <span class='ocrx_word' id='word_1_137' title='bbox 357 1809 428 1888; x_wconf 89' lang='lat' dir='ltr'>quid</span> <span class='ocrx_word' id='word_1_138' title='bbox 444 1810 584 1877; x_wconf 88' lang='lat' dir='ltr'>sentiam,</span> <span class='ocrx_word' id='word_1_139' title='bbox 608 1825 767 1890; x_wconf 82' lang='lat' dir='ltr'>exponere.</span> <span class='ocrx_word' id='word_1_140' title='bbox 796 1807 839 1868; x_wconf 87' lang='lat' dir='ltr'>Ea</span> <span class='ocrx_word' id='word_1_141' title='bbox 873 1814 980 1867; x_wconf 88' lang='lat' dir='ltr'>natura</span> <span class='ocrx_word' id='word_1_142' title='bbox 999 1820 1103 1865; x_wconf 90' lang='lat' dir='ltr'>rernm</span> <span class='ocrx_word' id='word_1_143' title='bbox 1124 1808 1170 1863; x_wconf 87' lang='lat' dir='ltr'>est</span> <span class='ocrx_word' id='word_1_144' title='bbox 1190 1808 1219 1862; x_wconf 92' lang='lat' dir='ltr'>et</span> <span class='ocrx_word' id='word_1_145' title='bbox 1238 1803 1264 1861; x_wconf 89' lang='lat' dir='ltr'>is</span> 
     </span>
     <span class='ocr_line' id='line_1_17' title="bbox 144 1885 1264 1972; baseline -0.004 -22"><span class='ocrx_word' id='word_1_146' title='bbox 144 1899 311 1969; x_wconf 89' lang='lat' dir='ltr'>temporum</span> <span class='ocrx_word' id='word_1_147' title='bbox 335 1909 457 1962; x_wconf 91' lang='lat' dir='ltr'>cursus,</span> <span class='ocrx_word' id='word_1_148' title='bbox 485 1899 596 1954; x_wconf 88' lang='lat' dir='ltr'>utnon</span> <span class='ocrx_word' id='word_1_149' title='bbox 616 1894 710 1972; x_wconf 90' lang='lat' dir='ltr'>possit</span> <span class='ocrx_word' id='word_1_150' title='bbox 729 1895 784 1952; x_wconf 84' lang='lat' dir='ltr'>ista</span> <span class='ocrx_word' id='word_1_151' title='bbox 807 1897 858 1952; x_wconf 91' lang='lat' dir='ltr'>aut</span> <span class='ocrx_word' id='word_1_152' title='bbox 870 1890 924 1951; x_wconf 89' lang='lat' dir='ltr'>tibi</span> <span class='ocrx_word' id='word_1_153' title='bbox 944 1896 995 1951; x_wconf 86' lang='lat' dir='ltr'>act</span> <span class='ocrx_word' id='word_1_154' title='bbox 1015 1888 1122 1949; x_wconf 89' lang='lat' dir='ltr'>ceteris</span> <span class='ocrx_word' id='word_1_155' title='bbox 1145 1885 1264 1946; x_wconf 78' lang='lat' dir='ltr'>ionuna</span> 
     </span>
     <span class='ocr_line' id='line_1_18' title="bbox 146 1969 1263 2056; baseline -0.003 -22"><span class='ocrx_word' id='word_1_156' title='bbox 146 1991 211 2035; x_wconf 88' lang='lat' dir='ltr'>esse</span> <span class='ocrx_word' id='word_1_157' title='bbox 224 1974 377 2045; x_wconf 88' lang='lat' dir='ltr'>diuturna,-</span> <span class='ocrx_word' id='word_1_158' title='bbox 402 1994 500 2056; x_wconf 89' lang='lat' dir='ltr'>neque</span> <span class='ocrx_word' id='word_1_159' title='bbox 520 1975 646 2038; x_wconf 88' lang='lat' dir='ltr'>haerere</span> <span class='ocrx_word' id='word_1_160' title='bbox 665 1977 696 2037; x_wconf 92' lang='lat' dir='ltr'>in</span> <span class='ocrx_word' id='word_1_161' title='bbox 715 1983 777 2037; x_wconf 86' lang='lat' dir='ltr'>tam</span> <span class='ocrx_word' id='word_1_162' title='bbox 792 1975 871 2036; x_wconf 89' lang='lat' dir='ltr'>bona</span> <span class='ocrx_word' id='word_1_163' title='bbox 887 1991 976 2036; x_wconf 86' lang='lat' dir='ltr'>causa</span> <span class='ocrx_word' id='word_1_164' title='bbox 995 1979 1025 2034; x_wconf 89' lang='lat' dir='ltr'>et</span> <span class='ocrx_word' id='word_1_165' title='bbox 1045 1973 1077 2032; x_wconf 90' lang='lat' dir='ltr'>in</span> <span class='ocrx_word' id='word_1_166' title='bbox 1097 1978 1157 2031; x_wconf 91' lang='lat' dir='ltr'>tam</span> <span class='ocrx_word' id='word_1_167' title='bbox 1177 1969 1263 2031; x_wconf 93' lang='lat' dir='ltr'>bonis</span> 
     </span>
     <span class='ocr_line' id='line_1_19' title="bbox 146 2056 1303 2140; baseline 0 -23"><span class='ocrx_word' id='word_1_168' title='bbox 146 2058 260 2119; x_wconf 88' lang='lat' dir='ltr'>civibus</span> <span class='ocrx_word' id='word_1_169' title='bbox 275 2067 336 2120; x_wconf 84' lang='lat' dir='ltr'>tam</span> <span class='ocrx_word' id='word_1_170' title='bbox 350 2058 459 2121; x_wconf 86' lang='lat' dir='ltr'>acerba</span> <span class='ocrx_word' id='word_1_171' title='bbox 474 2061 593 2121; x_wconf 81' lang='lat' dir='ltr'>Iniuria.</span> <span class='ocrx_word' id='word_1_172' title='bbox 622 2061 717 2140; x_wconf 71' lang='lat' dir='ltr'>Atque</span> <span class='ocrx_word' id='word_1_173' title='bbox 734 2059 772 2122; x_wconf 91' lang='lat' dir='ltr'>ad</span> <span class='ocrx_word' id='word_1_174' title='bbox 788 2076 854 2121; x_wconf 85' lang='lat' dir='ltr'>eam</span> <span class='ocrx_word' id='word_1_175' title='bbox 868 2075 968 2136; x_wconf 89' lang='lat' dir='ltr'>spem,</span> <span class='ocrx_word' id='word_1_176' title='bbox 998 2073 1087 2135; x_wconf 89' lang='lat' dir='ltr'>quam</span> <span class='ocrx_word' id='word_1_177' title='bbox 1106 2073 1143 2116; x_wconf 83' lang='lat' dir='ltr'>ex</span> <span class='ocrx_word' id='word_1_178' title='bbox 1158 2071 1262 2115; x_wconf 92' lang='lat' dir='ltr'>rerum</span> <span class='ocrx_word' id='word_1_179' title='bbox 1284 2056 1303 2117; x_wconf 87' lang='lat'><strong>3</strong></span> 
     </span>
     <span class='ocr_line' id='line_1_20' title="bbox 147 2139 1264 2222; baseline -0.002 -22"><span class='ocrx_word' id='word_1_180' title='bbox 147 2141 327 2204; x_wconf 80' lang='lat' dir='ltr'>ordinarem</span> <span class='ocrx_word' id='word_1_181' title='bbox 339 2145 377 2204; x_wconf 83' lang='lat' dir='ltr'>de</span> <span class='ocrx_word' id='word_1_182' title='bbox 388 2144 650 2206; x_wconf 79' lang='lat' dir='ltr'>oeteristnmdete</span> <span class='ocrx_word' id='word_1_183' title='bbox 661 2146 727 2222; x_wconf 91' lang='lat' dir='ltr'>ipso</span> <span class='ocrx_word' id='word_1_184' title='bbox 738 2143 894 2212; x_wconf 89' lang='lat' dir='ltr'>babemus,</span> <span class='ocrx_word' id='word_1_185' title='bbox 906 2140 1022 2204; x_wconf 87' lang='lat' dir='ltr'>accedit</span> <span class='ocrx_word' id='word_1_186' title='bbox 1033 2146 1084 2200; x_wconf 90' lang='lat' dir='ltr'>tna</span> <span class='ocrx_word' id='word_1_187' title='bbox 1095 2139 1264 2217; x_wconf 90' lang='lat' dir='ltr'>praecipua,</span> 
     </span>
     <span class='ocr_line' id='line_1_21' title="bbox 146 2221 1265 2305; baseline -0.004 -20"><span class='ocrx_word' id='word_1_188' title='bbox 146 2243 206 2286; x_wconf 93' lang='lat' dir='ltr'>non</span> <span class='ocrx_word' id='word_1_189' title='bbox 218 2224 314 2286; x_wconf 91' lang='lat' dir='ltr'>solum</span> <span class='ocrx_word' id='word_1_190' title='bbox 331 2234 455 2303; x_wconf 92' lang='lat' dir='ltr'>propter</span> <span class='ocrx_word' id='word_1_191' title='bbox 470 2227 681 2305; x_wconf 84' lang='lat' dir='ltr'>dignitatemet</span> <span class='ocrx_word' id='word_1_192' title='bbox 693 2229 832 2289; x_wconf 81' lang='lat' dir='ltr'>virtutem</span> <span class='ocrx_word' id='word_1_193' title='bbox 845 2234 928 2288; x_wconf 88' lang='lat' dir='ltr'>tuam</span> <span class='ocrx_word' id='word_1_194' title='bbox 943 2259 985 2270; x_wconf 94' lang='lat'><em>-</em></span> <span class='ocrx_word' id='word_1_195' title='bbox 997 2224 1072 2285; x_wconf 88' lang='lat' dir='ltr'>beec</span> <span class='ocrx_word' id='word_1_196' title='bbox 1087 2221 1166 2283; x_wconf 92' lang='lat' dir='ltr'>enim</span> <span class='ocrx_word' id='word_1_197' title='bbox 1176 2239 1265 2282; x_wconf 85' lang='lat' dir='ltr'>orna-</span> 
     </span>
     <span class='ocr_line' id='line_1_22' title="bbox 146 2307 1264 2388; baseline -0.004 -17"><span class='ocrx_word' id='word_1_198' title='bbox 146 2315 246 2371; x_wconf 92' lang='lat' dir='ltr'>menta</span> <span class='ocrx_word' id='word_1_199' title='bbox 261 2316 330 2371; x_wconf 91' lang='lat' dir='ltr'>sunt</span> <span class='ocrx_word' id='word_1_200' title='bbox 342 2308 396 2371; x_wconf 86' lang='lat' dir='ltr'>tibi</span> <span class='ocrx_word' id='word_1_201' title='bbox 407 2311 568 2373; x_wconf 90' lang='lat' dir='ltr'>etiamcum</span> <span class='ocrx_word' id='word_1_202' title='bbox 585 2311 649 2374; x_wconf 88' lang='lat' dir='ltr'>aliis</span> <span class='ocrx_word' id='word_1_203' title='bbox 662 2312 832 2374; x_wconf 84' lang='lat' dir='ltr'>communia</span> <span class='ocrx_word' id='word_1_204' title='bbox 841 2346 900 2382; x_wconf 88' lang='lat'>-,</span> <span class='ocrx_word' id='word_1_205' title='bbox 920 2311 974 2372; x_wconf 88' lang='lat' dir='ltr'>sed</span> <span class='ocrx_word' id='word_1_206' title='bbox 987 2314 1111 2388; x_wconf 90' lang='lat' dir='ltr'>propter</span> <span class='ocrx_word' id='word_1_207' title='bbox 1126 2307 1264 2369; x_wconf 79' lang='lat' dir='ltr'>eximium</span> 
     </span>
     <span class='ocr_line' id='line_1_23' title="bbox 147 2393 1265 2473; baseline -0.003 -18"><span class='ocrx_word' id='word_1_208' title='bbox 147 2394 300 2469; x_wconf 84' lang='lat' dir='ltr'>ingenium</span> <span class='ocrx_word' id='word_1_209' title='bbox 310 2410 516 2473; x_wconf 86' lang='lat' dir='ltr'>summamque</span> <span class='ocrx_word' id='word_1_210' title='bbox 530 2396 704 2466; x_wconf 88' lang='lat' dir='ltr'>doctrinam,</span> <span class='ocrx_word' id='word_1_211' title='bbox 717 2396 767 2457; x_wconf 91' lang='lat' dir='ltr'>cui</span> <span class='ocrx_word' id='word_1_212' title='bbox 778 2394 964 2456; x_wconf 88' lang='lat' dir='ltr'>mehercules</span> <span class='ocrx_word' id='word_1_213' title='bbox 975 2393 1033 2461; x_wconf 91' lang='lat' dir='ltr'>bic,</span> <span class='ocrx_word' id='word_1_214' title='bbox 1048 2394 1132 2453; x_wconf 90' lang='lat' dir='ltr'>cuius</span> <span class='ocrx_word' id='word_1_215' title='bbox 1143 2393 1265 2470; x_wconf 88' lang='lat' dir='ltr'>inpote-</span> 
     </span>
     <span class='ocr_line' id='line_1_24' title="bbox 143 2475 1264 2558; baseline -0.001 -22"><span class='ocrx_word' id='word_1_216' title='bbox 143 2483 222 2537; x_wconf 88' lang='lat' dir='ltr'>state</span> <span class='ocrx_word' id='word_1_217' title='bbox 234 2494 344 2545; x_wconf 89' lang='lat' dir='ltr'>sumus,</span> <span class='ocrx_word' id='word_1_218' title='bbox 361 2477 485 2539; x_wconf 90' lang='lat' dir='ltr'>multum</span> <span class='ocrx_word' id='word_1_219' title='bbox 495 2478 607 2541; x_wconf 88' lang='lat' dir='ltr'>tribuit.</span> <span class='ocrx_word' id='word_1_220' title='bbox 630 2480 733 2558; x_wconf 86' lang='lat' dir='ltr'>Itaque</span> <span class='ocrx_word' id='word_1_221' title='bbox 743 2498 783 2541; x_wconf 90' lang='lat' dir='ltr'>ne</span> <span class='ocrx_word' id='word_1_222' title='bbox 797 2485 940 2557; x_wconf 89' lang='lat' dir='ltr'>punctum</span> <span class='ocrx_word' id='word_1_223' title='bbox 955 2477 1223 2558; x_wconf 88' lang='lat' dir='ltr'>quidcmtemporis</span> <span class='ocrx_word' id='word_1_224' title='bbox 1233 2475 1264 2535; x_wconf 88' lang='lat' dir='ltr'>iu</span> 
     </span>
     <span class='ocr_line' id='line_1_25' title="bbox 145 2558 1265 2643; baseline 0 -23"><span class='ocrx_word' id='word_1_225' title='bbox 145 2560 326 2622; x_wconf 82' lang='lat' dir='ltr'>istafortuna</span> <span class='ocrx_word' id='word_1_226' title='bbox 340 2561 454 2630; x_wconf 83' lang='lat' dir='ltr'>fuisses,</span> <span class='ocrx_word' id='word_1_227' title='bbox 471 2563 569 2623; x_wconf 84' lang='lat' dir='ltr'>nisIeo</span> <span class='ocrx_word' id='word_1_228' title='bbox 580 2566 645 2642; x_wconf 82' lang='lat' dir='ltr'>Ipso</span> <span class='ocrx_word' id='word_1_229' title='bbox 660 2563 739 2625; x_wconf 92' lang='lat' dir='ltr'>bono</span> <span class='ocrx_word' id='word_1_230' title='bbox 755 2572 816 2633; x_wconf 91' lang='lat' dir='ltr'>tuo,</span> <span class='ocrx_word' id='word_1_231' title='bbox 832 2581 890 2643; x_wconf 89' lang='lat' dir='ltr'>qno</span> <span class='ocrx_word' id='word_1_232' title='bbox 897 2562 1069 2630; x_wconf 88' lang='lat' dir='ltr'>delectatur,</span> <span class='ocrx_word' id='word_1_233' title='bbox 1080 2576 1113 2621; x_wconf 88' lang='lat' dir='ltr'>se</span> <span class='ocrx_word' id='word_1_234' title='bbox 1127 2558 1265 2620; x_wconf 81' lang='lat' dir='ltr'>violatum</span> 
     </span>
     <span class='ocr_line' id='line_1_26' title="bbox 146 2642 1266 2726; baseline -0.002 -21"><span class='ocrx_word' id='word_1_235' title='bbox 146 2651 293 2723; x_wconf 89' lang='lat' dir='ltr'>putasset;</span> <span class='ocrx_word' id='word_1_236' title='bbox 311 2644 608 2723; x_wconf 87' lang='lat' dir='ltr'>quodipsnmlenitur</span> <span class='ocrx_word' id='word_1_237' title='bbox 614 2647 753 2726; x_wconf 89' lang='lat' dir='ltr'>quotidie,</span> <span class='ocrx_word' id='word_1_238' title='bbox 762 2648 1002 2725; x_wconf 84' lang='lat' dir='ltr'>significaturque</span> <span class='ocrx_word' id='word_1_239' title='bbox 1009 2643 1095 2705; x_wconf 89' lang='lat' dir='ltr'>nobis</span> <span class='ocrx_word' id='word_1_240' title='bbox 1106 2642 1142 2704; x_wconf 89' lang='lat' dir='ltr'>ab</span> <span class='ocrx_word' id='word_1_241' title='bbox 1156 2644 1201 2712; x_wconf 89' lang='lat' dir='ltr'>iis,</span> <span class='ocrx_word' id='word_1_242' title='bbox 1214 2644 1266 2721; x_wconf 87' lang='lat' dir='ltr'>qui</span> 
     </span>
     <span class='ocr_line' id='line_1_27' title="bbox 146 2726 1265 2811; baseline -0.002 -22"><span class='ocrx_word' id='word_1_243' title='bbox 146 2728 235 2789; x_wconf 76' lang='lat' dir='ltr'>simod</span> <span class='ocrx_word' id='word_1_244' title='bbox 251 2746 318 2789; x_wconf 91' lang='lat' dir='ltr'>cum</span> <span class='ocrx_word' id='word_1_245' title='bbox 334 2747 370 2789; x_wconf 91' lang='lat' dir='ltr'>eo</span> <span class='ocrx_word' id='word_1_246' title='bbox 384 2730 497 2799; x_wconf 86' lang='lat' dir='ltr'>vivunt,</span> <span class='ocrx_word' id='word_1_247' title='bbox 514 2729 568 2792; x_wconf 90' lang='lat' dir='ltr'>tibi</span> <span class='ocrx_word' id='word_1_248' title='bbox 578 2729 656 2793; x_wconf 87' lang='lat' dir='ltr'>bano</span> <span class='ocrx_word' id='word_1_249' title='bbox 670 2732 764 2811; x_wconf 90' lang='lat' dir='ltr'>ipsam</span> <span class='ocrx_word' id='word_1_250' title='bbox 780 2732 949 2810; x_wconf 90' lang='lat' dir='ltr'>opinionem</span> <span class='ocrx_word' id='word_1_251' title='bbox 963 2729 1072 2806; x_wconf 83' lang='lat' dir='ltr'>ingenii</span> <span class='ocrx_word' id='word_1_252' title='bbox 1088 2726 1167 2806; x_wconf 91' lang='lat' dir='ltr'>apud</span> <span class='ocrx_word' id='word_1_253' title='bbox 1181 2726 1265 2788; x_wconf 90' lang='lat' dir='ltr'>ilium</span> 
     </span>
     <span class='ocr_line' id='line_1_28' title="bbox 145 2812 1305 2895; baseline 0.001 -23"><span class='ocrx_word' id='word_1_254' title='bbox 145 2812 308 2890; x_wconf 88' lang='lat' dir='ltr'>plurimum</span> <span class='ocrx_word' id='word_1_255' title='bbox 321 2812 518 2891; x_wconf 82' lang='lat' dir='ltr'>profuturam.</span> <span class='ocrx_word' id='word_1_256' title='bbox 552 2812 738 2894; x_wconf 86' lang='lat' dir='ltr'>Quapropter</span> <span class='ocrx_word' id='word_1_257' title='bbox 752 2817 883 2894; x_wconf 90' lang='lat' dir='ltr'>primum</span> <span class='ocrx_word' id='word_1_258' title='bbox 900 2813 948 2876; x_wconf 80' lang='lat' dir='ltr'>Iac</span> <span class='ocrx_word' id='word_1_259' title='bbox 961 2814 1059 2875; x_wconf 80' lang='lat' dir='ltr'>ammo</span> <span class='ocrx_word' id='word_1_260' title='bbox 1076 2813 1146 2874; x_wconf 84' lang='lat' dir='ltr'>forti</span> <span class='ocrx_word' id='word_1_261' title='bbox 1174 2817 1262 2895; x_wconf 82' lang='lat' dir='ltr'>atque</span> <span class='ocrx_word' id='word_1_262' title='bbox 1284 2822 1305 2883; x_wconf 89' lang='grc'>4</span> 
     </span>
     <span class='ocr_line' id='line_1_29' title="bbox 147 2897 1265 2973; baseline 0.004 -17"><span class='ocrx_word' id='word_1_263' title='bbox 147 2913 255 2973; x_wconf 83' lang='lat' dir='ltr'>magno</span> <span class='ocrx_word' id='word_1_264' title='bbox 271 2898 326 2965; x_wconf 89' lang='lat' dir='ltr'>sis;</span> <span class='ocrx_word' id='word_1_265' title='bbox 349 2897 388 2957; x_wconf 87' lang='lat' dir='ltr'>ita</span> <span class='ocrx_word' id='word_1_266' title='bbox 407 2900 485 2958; x_wconf 88' lang='lat' dir='ltr'>enirn</span> <span class='ocrx_word' id='word_1_267' title='bbox 506 2905 607 2968; x_wconf 88' lang='lat' dir='ltr'>natus,</span> <span class='ocrx_word' id='word_1_268' title='bbox 635 2900 675 2960; x_wconf 90' lang='lat' dir='ltr'>ita</span> <span class='ocrx_word' id='word_1_269' title='bbox 694 2899 849 2967; x_wconf 87' lang='lat' dir='ltr'>educatus,</span> <span class='ocrx_word' id='word_1_270' title='bbox 865 2900 906 2959; x_wconf 91' lang='lat' dir='ltr'>ita</span> <span class='ocrx_word' id='word_1_271' title='bbox 922 2899 1027 2959; x_wconf 87' lang='lat' dir='ltr'>doctus</span> <span class='ocrx_word' id='word_1_272' title='bbox 1041 2916 1087 2969; x_wconf 90' lang='lat' dir='ltr'>es,</span> <span class='ocrx_word' id='word_1_273' title='bbox 1116 2901 1155 2960; x_wconf 89' lang='lat' dir='ltr'>ita</span> <span class='ocrx_word' id='word_1_274' title='bbox 1176 2901 1265 2961; x_wconf 87' lang='lat' dir='ltr'>etiam</span> 
     </span>
     <span class='ocr_line' id='line_1_30' title="bbox 148 2980 1266 3061; baseline 0.004 -22"><span class='ocrx_word' id='word_1_275' title='bbox 148 2982 296 3058; x_wconf 82' lang='lat' dir='ltr'>cognitus,</span> <span class='ocrx_word' id='word_1_276' title='bbox 314 2987 346 3042; x_wconf 93' lang='lat' dir='ltr'>ut</span> <span class='ocrx_word' id='word_1_277' title='bbox 364 2980 415 3042; x_wconf 90' lang='lat' dir='ltr'>tibi</span> <span class='ocrx_word' id='word_1_278' title='bbox 426 2981 455 3042; x_wconf 90' lang='lat' dir='ltr'>id</span> <span class='ocrx_word' id='word_1_279' title='bbox 471 2981 639 3044; x_wconf 84' lang='lat' dir='ltr'>iaciendum</span> <span class='ocrx_word' id='word_1_280' title='bbox 656 2984 707 3052; x_wconf 90' lang='lat' dir='ltr'>sit,</span> <span class='ocrx_word' id='word_1_281' title='bbox 723 2984 830 3045; x_wconf 87' lang='lat' dir='ltr'>deinde</span> <span class='ocrx_word' id='word_1_282' title='bbox 844 3000 929 3061; x_wconf 89' lang='lat' dir='ltr'>spem</span> <span class='ocrx_word' id='word_1_283' title='bbox 945 2999 1064 3060; x_wconf 89' lang='lat' dir='ltr'>quoque</span> <span class='ocrx_word' id='word_1_284' title='bbox 1084 2982 1195 3045; x_wconf 88' lang='lat' dir='ltr'>habeas</span> <span class='ocrx_word' id='word_1_285' title='bbox 1214 2984 1266 3043; x_wconf 86' lang='lat' dir='ltr'>iii·-</span> 
     </span>
    </p>
   </div>
   <div class='ocr_carea' id='block_1_4' title="bbox 143 3163 1266 4307">
    <p class='ocr_par' dir='ltr' id='par_1_4' title="bbox 148 3163 1266 3363">
     <span class='ocr_line' id='line_1_31' title="bbox 181 3163 1266 3234; baseline 0.002 -19"><span class='ocrx_word' id='word_1_286' title='bbox 181 3166 281 3215; x_wconf 75' lang='lat' dir='ltr'>Emer.</span> <span class='ocrx_word' id='word_1_287' title='bbox 297 3165 412 3217; x_wconf 84' lang='lat' dir='ltr'>XXVII.</span> <span class='ocrx_word' id='word_1_288' title='bbox 443 3167 516 3230; x_wconf 71' lang='lat'><strong>(708.</strong></span> <span class='ocrx_word' id='word_1_289' title='bbox 538 3164 596 3231; x_wconf 86' lang='grc'>46.)</span> <span class='ocrx_word' id='word_1_290' title='bbox 620 3165 680 3217; x_wconf 88' lang='lat' dir='ltr'>Der</span> <span class='ocrx_word' id='word_1_291' title='bbox 731 3167 837 3231; x_wconf 65' lang='lat' dir='ltr'>benus,</span> <span class='ocrx_word' id='word_1_292' title='bbox 861 3180 919 3216; x_wconf 83' lang='lat' dir='ltr'>non</span> <span class='ocrx_word' id='word_1_293' title='bbox 936 3164 1025 3217; x_wconf 78' lang='lat' dir='ltr'>solnm</span> <span class='ocrx_word' id='word_1_294' title='bbox 1040 3172 1155 3234; x_wconf 82' lang='lat' dir='ltr'>propter</span> <span class='ocrx_word' id='word_1_295' title='bbox 1172 3163 1266 3233; x_wconf 70' lang='lat' dir='ltr'>dipes-</span> 
     </span>
     <span class='ocr_line' id='line_1_32' title="bbox 148 3229 1265 3297; baseline 0.003 -15"><span class='ocrx_word' id='word_1_296' title='bbox 148 3229 232 3282; x_wconf 86' lang='lat' dir='ltr'>Brief</span> <span class='ocrx_word' id='word_1_297' title='bbox 242 3230 351 3284; x_wconf 70' lang='lat' dir='ltr'>entbdlt</span> <span class='ocrx_word' id='word_1_298' title='bbox 363 3232 409 3285; x_wconf 86' lang='lat' dir='ltr'>die</span> <span class='ocrx_word' id='word_1_299' title='bbox 422 3230 554 3285; x_wconf 79' lang='lat' dir='ltr'>Antwort</span> <span class='ocrx_word' id='word_1_300' title='bbox 563 3233 615 3285; x_wconf 79' lang='lat' dir='ltr'>suf</span> <span class='ocrx_word' id='word_1_301' title='bbox 625 3232 679 3285; x_wconf 84' lang='lat' dir='ltr'>den</span> <span class='ocrx_word' id='word_1_302' title='bbox 732 3240 817 3285; x_wconf 81' lang='lat' dir='ltr'>tatem</span> <span class='ocrx_word' id='word_1_303' title='bbox 828 3240 855 3284; x_wconf 86' lang='lat' dir='ltr'>et</span> <span class='ocrx_word' id='word_1_304' title='bbox 866 3233 998 3284; x_wconf 79' lang='lat' dir='ltr'>uirtutem</span> <span class='ocrx_word' id='word_1_305' title='bbox 1010 3238 1102 3297; x_wconf 81' lang='lat' dir='ltr'>tunm,</span> <span class='ocrx_word' id='word_1_306' title='bbox 1115 3234 1184 3284; x_wconf 79' lang='lat' dir='ltr'>baec</span> <span class='ocrx_word' id='word_1_307' title='bbox 1192 3234 1265 3285; x_wconf 76' lang='lat' dir='ltr'>enim</span> 
     </span>
     <span class='ocr_line' id='line_1_33' title="bbox 150 3296 1264 3363; baseline 0.004 -14"><span class='ocrx_word' id='word_1_308' title='bbox 150 3296 409 3363; x_wconf 75' lang='lat' dir='ltr'>verborgehenden.</span> <span class='ocrx_word' id='word_1_309' title='bbox 733 3304 900 3352; x_wconf 78' lang='lat' dir='ltr'>omamenin</span> <span class='ocrx_word' id='word_1_310' title='bbox 929 3305 998 3352; x_wconf 80' lang='lat' dir='ltr'>eunt</span> <span class='ocrx_word' id='word_1_311' title='bbox 1020 3298 1071 3350; x_wconf 81' lang='lat' dir='ltr'>tibi</span> <span class='ocrx_word' id='word_1_312' title='bbox 1095 3300 1179 3352; x_wconf 76' lang='lat' dir='ltr'>etiam</span> <span class='ocrx_word' id='word_1_313' title='bbox 1202 3317 1264 3353; x_wconf 80' lang='lat' dir='ltr'>eum</span> 
     </span>
    </p>

    <p class='ocr_par' dir='ltr' id='par_1_5' title="bbox 143 3363 1265 3972">
     <span class='ocr_line' id='line_1_34' title="bbox 183 3363 1264 3435; baseline 0.004 -20"><span class='ocrx_word' id='word_1_314' title='bbox 183 3368 211 3415; x_wconf 83' lang='lat'>2.</span> <span class='ocrx_word' id='word_1_315' title='bbox 228 3363 296 3415; x_wconf 78' lang='lat' dir='ltr'>mihi</span> <span class='ocrx_word' id='word_1_316' title='bbox 309 3364 403 3431; x_wconf 83' lang='lat' dir='ltr'>sumo]</span> <span class='ocrx_word' id='word_1_317' title='bbox 417 3364 543 3430; x_wconf 80' lang='lat' dir='ltr'>Sumere,</span> <span class='ocrx_word' id='word_1_318' title='bbox 557 3366 616 3417; x_wconf 76' lang='lat' dir='ltr'>oieb</span> <span class='ocrx_word' id='word_1_319' title='bbox 629 3382 681 3418; x_wconf 85' lang='lat' dir='ltr'>en·</span> <span class='ocrx_word' id='word_1_320' title='bbox 733 3366 971 3432; x_wconf 77' lang='lat' dir='ltr'>aliiseommunin,</span> <span class='ocrx_word' id='word_1_321' title='bbox 983 3367 1264 3435; x_wconf 78' lang='lat' dir='ltr'>accedunttuaproe-</span> 
     </span>
     <span class='ocr_line' id='line_1_35' title="bbox 149 3429 1265 3502; baseline 0.004 -21"><span class='ocrx_word' id='word_1_322' title='bbox 149 3446 267 3495; x_wconf 83' lang='lat' dir='ltr'>mersen,</span> <span class='ocrx_word' id='word_1_323' title='bbox 281 3429 371 3483; x_wconf 88' lang='lat' dir='ltr'>findet</span> <span class='ocrx_word' id='word_1_324' title='bbox 380 3431 440 3483; x_wconf 89' lang='lat' dir='ltr'>sich</span> <span class='ocrx_word' id='word_1_325' title='bbox 449 3447 504 3483; x_wconf 87' lang='lat' dir='ltr'>nur</span> <span class='ocrx_word' id='word_1_326' title='bbox 513 3431 565 3484; x_wconf 88' lang='lat' dir='ltr'>mit</span> <span class='ocrx_word' id='word_1_327' title='bbox 574 3440 607 3484; x_wconf 84' lang='lat' dir='ltr'>ut</span> <span class='ocrx_word' id='word_1_328' title='bbox 615 3450 681 3485; x_wconf 86' lang='lat' dir='ltr'>ver·</span> <span class='ocrx_word' id='word_1_329' title='bbox 733 3436 831 3502; x_wconf 66' lang='lat' dir='ltr'>mpod,</span> <span class='ocrx_word' id='word_1_330' title='bbox 849 3440 963 3502; x_wconf 87' lang='lat' dir='ltr'>propter</span> <span class='ocrx_word' id='word_1_331' title='bbox 979 3433 1110 3486; x_wconf 76' lang='lat' dir='ltr'>eximium</span> <span class='ocrx_word' id='word_1_332' title='bbox 1121 3435 1265 3499; x_wconf 63' lang='lat' dir='ltr'>Ingenium</span> 
     </span>
     <span class='ocr_line' id='line_1_36' title="bbox 148 3496 1264 3567; baseline 0.004 -18"><span class='ocrx_word' id='word_1_333' title='bbox 148 3497 273 3550; x_wconf 84' lang='lat' dir='ltr'>bunden.</span> <span class='ocrx_word' id='word_1_334' title='bbox 303 3498 382 3551; x_wconf 80' lang='lat' dir='ltr'>Fam.</span> <span class='ocrx_word' id='word_1_335' title='bbox 400 3496 479 3551; x_wconf 86' lang='lat' dir='ltr'>XIII.</span> <span class='ocrx_word' id='word_1_336' title='bbox 498 3502 543 3551; x_wconf 80' lang='lat'>50.</span> <span class='ocrx_word' id='word_1_337' title='bbox 570 3500 683 3566; x_wconf 74' lang='lat' dir='ltr'>Sumpsi</span> <span class='ocrx_word' id='word_1_338' title='bbox 734 3516 923 3567; x_wconf 79' lang='lat' dir='ltr'>summamque</span> <span class='ocrx_word' id='word_1_339' title='bbox 950 3501 1096 3566; x_wconf 77' lang='lat' dir='ltr'>virtutem,</span> <span class='ocrx_word' id='word_1_340' title='bbox 1132 3502 1179 3553; x_wconf 84' lang='lat' dir='ltr'>eni</span> <span class='ocrx_word' id='word_1_341' title='bbox 1214 3509 1264 3554; x_wconf 84' lang='lat' dir='ltr'>eet.</span> 
     </span>
     <span class='ocr_line' id='line_1_37' title="bbox 143 3564 1264 3635; baseline 0.006 -22"><span class='ocrx_word' id='word_1_342' title='bbox 143 3565 200 3617; x_wconf 78' lang='lat' dir='ltr'>,boc</span> <span class='ocrx_word' id='word_1_343' title='bbox 208 3564 277 3615; x_wconf 78' lang='lat' dir='ltr'>mibi</span> <span class='ocrx_word' id='word_1_344' title='bbox 285 3582 337 3631; x_wconf 89' lang='lat' dir='ltr'>pro</span> <span class='ocrx_word' id='word_1_345' title='bbox 345 3566 434 3619; x_wconf 79' lang='lat' dir='ltr'>tumim</span> <span class='ocrx_word' id='word_1_346' title='bbox 443 3582 484 3617; x_wconf 88' lang='lat' dir='ltr'>me</span> <span class='ocrx_word' id='word_1_347' title='bbox 493 3566 680 3632; x_wconf 81' lang='lat' dir='ltr'>observantie,</span> <span class='ocrx_word' id='word_1_348' title='bbox 731 3568 807 3621; x_wconf 82' lang='lat' dir='ltr'>Eine</span> <span class='ocrx_word' id='word_1_349' title='bbox 820 3568 986 3635; x_wconf 75' lang='lat' dir='ltr'>gendgende</span> <span class='ocrx_word' id='word_1_350' title='bbox 997 3568 1217 3634; x_wconf 84' lang='lat' dir='ltr'>Verbesserung</span> <span class='ocrx_word' id='word_1_351' title='bbox 1229 3584 1264 3620; x_wconf 84' lang='lat' dir='ltr'>zu</span> 
     </span>
     <span class='ocr_line' id='line_1_38' title="bbox 149 3632 1265 3716; baseline 0.003 -32"><span class='ocrx_word' id='word_1_352' title='bbox 149 3639 184 3684; x_wconf 81' lang='lat' dir='ltr'>ut</span> <span class='ocrx_word' id='word_1_353' title='bbox 199 3632 237 3684; x_wconf 82' lang='lat' dir='ltr'>nd</span> <span class='ocrx_word' id='word_1_354' title='bbox 254 3638 281 3683; x_wconf 82' lang='lat' dir='ltr'>te</span> <span class='ocrx_word' id='word_1_355' title='bbox 295 3633 478 3698; x_wconf 78' lang='lat' dir='ltr'>familiariter</span> <span class='ocrx_word' id='word_1_356' title='bbox 493 3639 520 3684; x_wconf 92' lang='lat' dir='ltr'>et</span> <span class='ocrx_word' id='word_1_357' title='bbox 535 3634 619 3699; x_wconf 78' lang='lat' dir='ltr'>pueri</span> <span class='ocrx_word' id='word_1_358' title='bbox 628 3650 681 3700; x_wconf 82' lang='lat' dir='ltr'>pro</span> <span class='ocrx_word' id='word_1_359' title='bbox 731 3636 829 3688; x_wconf 84' lang='lat' dir='ltr'>finden</span> <span class='ocrx_word' id='word_1_360' title='bbox 841 3635 881 3688; x_wconf 85' lang='lat' dir='ltr'>ist</span> <span class='ocrx_word' id='word_1_361' title='bbox 890 3635 936 3687; x_wconf 82' lang='lat' dir='ltr'>bis</span> <span class='ocrx_word' id='word_1_362' title='bbox 943 3635 1018 3701; x_wconf 84' lang='lat' dir='ltr'>jetzt</span> <span class='ocrx_word' id='word_1_363' title='bbox 1027 3634 1265 3716; x_wconf 71' lang='lat' dir='ltr'>nicbtgelnngen.</span> 
     </span>
     <span class='ocr_line' id='line_1_39' title="bbox 149 3698 1265 3768; baseline 0.004 -17"><span class='ocrx_word' id='word_1_364' title='bbox 149 3699 439 3753; x_wconf 78' lang='lat' dir='ltr'>meoiureseriberem.</span> <span class='ocrx_word' id='word_1_365' title='bbox 454 3728 486 3737; x_wconf 89' lang='lat'>-</span> <span class='ocrx_word' id='word_1_366' title='bbox 498 3698 679 3768; x_wconf 79' lang='lat' dir='ltr'>prospiciam]</span> <span class='ocrx_word' id='word_1_367' title='bbox 733 3731 766 3741; x_wconf 91' lang='lat'><em>-</em></span> <span class='ocrx_word' id='word_1_368' title='bbox 779 3720 812 3755; x_wconf 78' lang='lat' dir='ltr'>ece</span> <span class='ocrx_word' id='word_1_369' title='bbox 836 3719 929 3754; x_wconf 83' lang='lat' dir='ltr'>rerum</span> <span class='ocrx_word' id='word_1_370' title='bbox 952 3702 1066 3768; x_wconf 81' lang='lat' dir='ltr'>ordine]</span> <span class='ocrx_word' id='word_1_371' title='bbox 1090 3703 1144 3755; x_wconf 80' lang='lat' dir='ltr'>Dra</span> <span class='ocrx_word' id='word_1_372' title='bbox 1163 3705 1265 3756; x_wconf 87' lang='lat' dir='ltr'>Worte</span> 
     </span>
     <span class='ocr_line' id='line_1_40' title="bbox 149 3764 1264 3836; baseline 0.003 -17"><span class='ocrx_word' id='word_1_373' title='bbox 149 3764 486 3835; x_wconf 63' lang='lat' dir='ltr'>coronanda-ceteris]</span> <span class='ocrx_word' id='word_1_374' title='bbox 501 3767 555 3819; x_wconf 88' lang='lat' dir='ltr'>den</span> <span class='ocrx_word' id='word_1_375' title='bbox 568 3766 680 3819; x_wconf 73' lang='lat' dir='ltr'>fluenti·</span> <span class='ocrx_word' id='word_1_376' title='bbox 733 3770 799 3823; x_wconf 79' lang='lat' dir='ltr'>sind</span> <span class='ocrx_word' id='word_1_377' title='bbox 818 3786 868 3823; x_wconf 85' lang='lat' dir='ltr'>ens</span> <span class='ocrx_word' id='word_1_378' title='bbox 888 3771 950 3823; x_wconf 88' lang='lat' dir='ltr'>dem</span> <span class='ocrx_word' id='word_1_379' title='bbox 968 3769 1218 3836; x_wconf 84' lang='lat' dir='ltr'>vorbcrgebenden</span> <span class='ocrx_word' id='word_1_380' title='bbox 1231 3788 1264 3822; x_wconf 88' lang='lat' dir='ltr'>ea</span> 
     </span>
     <span class='ocr_line' id='line_1_41' title="bbox 150 3832 1265 3903; baseline 0.003 -16"><span class='ocrx_word' id='word_1_381' title='bbox 150 3832 432 3902; x_wconf 82' lang='lat' dir='ltr'>genPompejanern.</span> <span class='ocrx_word' id='word_1_382' title='bbox 446 3862 478 3872; x_wconf 92' lang='lat'><em>-</em></span> <span class='ocrx_word' id='word_1_383' title='bbox 487 3832 612 3903; x_wconf 74' lang='lat' dir='ltr'>iniuria]</span> <span class='ocrx_word' id='word_1_384' title='bbox 625 3835 652 3887; x_wconf 90' lang='lat' dir='ltr'>d.</span> <span class='ocrx_word' id='word_1_385' title='bbox 662 3835 682 3887; x_wconf 83' lang='lat' dir='ltr'>i.</span> <span class='ocrx_word' id='word_1_386' title='bbox 732 3845 840 3890; x_wconf 80' lang='lat' dir='ltr'>notura</span> <span class='ocrx_word' id='word_1_387' title='bbox 853 3854 946 3890; x_wconf 82' lang='lat' dir='ltr'>rernm</span> <span class='ocrx_word' id='word_1_388' title='bbox 958 3853 994 3889; x_wconf 80' lang='lat' dir='ltr'>zu</span> <span class='ocrx_word' id='word_1_389' title='bbox 1007 3837 1155 3903; x_wconf 69' lang='lat' dir='ltr'>erkteren,</span> <span class='ocrx_word' id='word_1_390' title='bbox 1180 3855 1265 3890; x_wconf 81' lang='lat' dir='ltr'>werin</span> 
     </span>
     <span class='ocr_line' id='line_1_42' title="bbox 151 3902 1265 3972; baseline 0.003 -18"><span class='ocrx_word' id='word_1_391' title='bbox 151 3902 198 3956; x_wconf 89' lang='lat' dir='ltr'>die</span> <span class='ocrx_word' id='word_1_392' title='bbox 211 3902 421 3969; x_wconf 77' lang='lat' dir='ltr'>Verbannnug3¹</span> <span class='ocrx_word' id='word_1_393' title='bbox 433 3919 463 3953; x_wconf 90' lang='lat' dir='ltr'>so</span> <span class='ocrx_word' id='word_1_394' title='bbox 478 3903 518 3954; x_wconf 92' lang='grc' dir='ltr'>ΙΙ.</span> <span class='ocrx_word' id='word_1_395' title='bbox 530 3905 572 3954; x_wconf 75' lang='grc'>29.</span> <span class='ocrx_word' id='word_1_396' title='bbox 588 3906 628 3955; x_wconf 87' lang='grc'>13,</span> <span class='ocrx_word' id='word_1_397' title='bbox 733 3905 776 3957; x_wconf 87' lang='lat' dir='ltr'>sie</span> <span class='ocrx_word' id='word_1_398' title='bbox 793 3905 872 3957; x_wconf 87' lang='lat' dir='ltr'>nicbt</span> <span class='ocrx_word' id='word_1_399' title='bbox 888 3922 959 3972; x_wconf 78' lang='lat' dir='ltr'>gana</span> <span class='ocrx_word' id='word_1_400' title='bbox 977 3920 1012 3957; x_wconf 81' lang='lat' dir='ltr'>eu</span> <span class='ocrx_word' id='word_1_401' title='bbox 1031 3905 1173 3957; x_wconf 83' lang='lat' dir='ltr'>streicben</span> <span class='ocrx_word' id='word_1_402' title='bbox 1191 3905 1265 3959; x_wconf 87' lang='lat' dir='ltr'>sind.</span> 
     </span>
    </p>

    <p class='ocr_par' dir='ltr' id='par_1_6' title="bbox 144 3967 1265 4307">
     <span class='ocr_line' id='line_1_43' title="bbox 185 3967 1262 4054; baseline 0.005 -34"><span class='ocrx_word' id='word_1_403' title='bbox 185 3974 210 4021; x_wconf 89' lang='lat'>3.</span> <span class='ocrx_word' id='word_1_404' title='bbox 223 3970 314 4036; x_wconf 78' lang='lat' dir='ltr'>Atque</span> <span class='ocrx_word' id='word_1_405' title='bbox 326 3970 364 4020; x_wconf 83' lang='lat' dir='ltr'>od</span> <span class='ocrx_word' id='word_1_406' title='bbox 376 3986 435 4021; x_wconf 86' lang='lat' dir='ltr'>cnm</span> <span class='ocrx_word' id='word_1_407' title='bbox 447 3967 530 4037; x_wconf 82' lang='lat' dir='ltr'>spem]</span> <span class='ocrx_word' id='word_1_408' title='bbox 546 3969 596 4022; x_wconf 87' lang='lat' dir='ltr'>der</span> <span class='ocrx_word' id='word_1_409' title='bbox 606 3970 683 4022; x_wconf 83' lang='lat' dir='ltr'>Text</span> <span class='ocrx_word' id='word_1_410' title='bbox 735 4001 767 4011; x_wconf 84' lang='lat'><em>-</em></span> <span class='ocrx_word' id='word_1_411' title='bbox 777 3970 950 4054; x_wconf 77' lang='lat' dir='ltr'>praecipua]</span> <span class='ocrx_word' id='word_1_412' title='bbox 965 3973 995 4025; x_wconf 85' lang='lat' dir='ltr'>S.</span> <span class='ocrx_word' id='word_1_413' title='bbox 1009 3973 1036 4025; x_wconf 90' lang='lat' dir='ltr'>d.</span> <span class='ocrx_word' id='word_1_414' title='bbox 1052 3972 1121 4040; x_wconf 82' lang='lat' dir='ltr'>Iolg.</span> <span class='ocrx_word' id='word_1_415' title='bbox 1135 3973 1184 4024; x_wconf 88' lang='lat' dir='ltr'>Br.</span> <span class='ocrx_word' id='word_1_416' title='bbox 1197 3975 1225 4035; x_wconf 75' lang='lat'>§-</span> <span class='ocrx_word' id='word_1_417' title='bbox 1239 3976 1262 4025; x_wconf 92' lang='lat'>1.</span> 
     </span>
     <span class='ocr_line' id='line_1_44' title="bbox 152 4035 1265 4108; baseline 0.008 -23"><span class='ocrx_word' id='word_1_418' title='bbox 152 4035 190 4089; x_wconf 84' lang='lat' dir='ltr'>Ist</span> <span class='ocrx_word' id='word_1_419' title='bbox 214 4036 275 4088; x_wconf 85' lang='lat' dir='ltr'>bier</span> <span class='ocrx_word' id='word_1_420' title='bbox 299 4036 441 4089; x_wconf 84' lang='lat' dir='ltr'>durcbnus</span> <span class='ocrx_word' id='word_1_421' title='bbox 467 4036 598 4090; x_wconf 87' lang='lat' dir='ltr'>unsicber</span> <span class='ocrx_word' id='word_1_422' title='bbox 623 4037 681 4089; x_wconf 88' lang='lat' dir='ltr'>und</span> <span class='ocrx_word' id='word_1_423' title='bbox 732 4038 1265 4108; x_wconf 75' lang='lat' dir='ltr'>-violatum]inderSebmdbschrift.</span> 
     </span>
     <span class='ocr_line' id='line_1_45' title="bbox 151 4102 681 4157; baseline 0.008 -4"><span class='ocrx_word' id='word_1_424' title='bbox 151 4102 243 4155; x_wconf 81' lang='lat' dir='ltr'>loutet</span> <span class='ocrx_word' id='word_1_425' title='bbox 262 4103 370 4155; x_wconf 80' lang='lat' dir='ltr'>indam</span> <span class='ocrx_word' id='word_1_426' title='bbox 388 4103 533 4157; x_wconf 81' lang='lat' dir='ltr'>Mediocris</span> <span class='ocrx_word' id='word_1_427' title='bbox 551 4104 681 4157; x_wconf 83' lang='lat' dir='ltr'>offenber</span> 
     </span>
     <span class='ocr_line' id='line_1_46' title="bbox 151 4169 682 4239; baseline 0.006 -19"><span class='ocrx_word' id='word_1_428' title='bbox 151 4169 311 4223; x_wconf 85' lang='lat' dir='ltr'>verdorben</span> <span class='ocrx_word' id='word_1_429' title='bbox 321 4189 367 4225; x_wconf 75' lang='lat' dir='ltr'>soa</span> <span class='ocrx_word' id='word_1_430' title='bbox 378 4171 473 4236; x_wconf 81' lang='lat' dir='ltr'>Quare</span> <span class='ocrx_word' id='word_1_431' title='bbox 482 4173 519 4223; x_wconf 84' lang='lat' dir='ltr'>od</span> <span class='ocrx_word' id='word_1_432' title='bbox 529 4188 588 4223; x_wconf 85' lang='lat' dir='ltr'>eam</span> <span class='ocrx_word' id='word_1_433' title='bbox 597 4188 682 4239; x_wconf 82' lang='lat' dir='ltr'>spem,</span> 
     </span>
     <span class='ocr_line' id='line_1_47' title="bbox 144 4239 683 4307; baseline 0.006 -19"><span class='ocrx_word' id='word_1_434' title='bbox 144 4252 235 4303; x_wconf 69' lang='lat' dir='ltr'>patum</span> <span class='ocrx_word' id='word_1_435' title='bbox 247 4246 326 4293; x_wconf 74' lang='lat' dir='ltr'>entra</span> <span class='ocrx_word' id='word_1_436' title='bbox 338 4240 463 4293; x_wconf 78' lang='lat' dir='ltr'>ordinem</span> <span class='ocrx_word' id='word_1_437' title='bbox 475 4240 508 4291; x_wconf 84' lang='lat' dir='ltr'>de</span> <span class='ocrx_word' id='word_1_438' title='bbox 521 4246 546 4291; x_wconf 82' lang='lat' dir='ltr'>te</span> <span class='ocrx_word' id='word_1_439' title='bbox 558 4239 619 4307; x_wconf 74' lang='lat' dir='ltr'>ipso</span> <span class='ocrx_word' id='word_1_440' title='bbox 631 4239 683 4291; x_wconf 80' lang='lat' dir='ltr'>du·</span> 
     </span>
    </p>
   </div>
   <div class='ocr_carea' id='block_1_5' title="bbox 0 0 1514 4650">
    <p class='ocr_par' dir='ltr' id='par_1_7' title="bbox 0 0 1514 4650">
     <span class='ocr_line' id='line_1_48' title="bbox 0 0 1514 4650; baseline 0 0"><span class='ocrx_word' id='word_1_441' title='bbox 0 0 1514 4650; x_wconf 95' lang='lat' dir='ltr'> </span> 
     </span>
    </p>
   </div>
  </div>
 </body>
</html>
