3000 4650
255 262 316 330 156
645 264 705 322 nin.
721 263 763 321 nt
779 263 882 322 nrtsr.
898 267 940 322 26.
955 270 997 321 27.

255 453 340 498 caves
353 432 407 496 tibi
421 452 475 515 per
494 433 618 494 Brutum
634 430 715 495 etad
732 431 952 493 exeusationem
969 433 1081 494 socium
1099 434 1225 513 quaeris.
1243 434 1301 497 Ubi
1315 435 1382 498 hoo

254 521 386 581 omnium
406 525 548 597 patronus
566 517 653 588 facis,
682 515 752 596 quid
766 534 830 586 me,
857 524 988 578 veterem
1004 522 1103 588 tuum,
1134 535 1214 579 nuno
1240 522 1376 582 omnium
1482 590 1483 595 ἵ

254 604 390 665 clientem
406 603 516 664 sentire
531 601 667 681 oportet?
696 600 729 660 In
744 599 801 661 hac
815 601 905 679 igitur
920 600 1068 662 calumnia
1084 603 1198 663 timoris
1217 609 1246 664 et
1267 621 1378 666 caecae

254 689 430 766 suspicionis
440 693 589 748 tormento
602 703 668 747 curn
680 683 809 765 plurima
824 684 860 747 ad
873 682 960 746 alieni
970 702 1074 748 sensus
1085 688 1295 757 coniecturam,
1312 706 1374 750 non

254 772 392 835 edanum
408 771 548 832 iudicium
564 770 746 838 scribantur,
772 786 862 848 quam
875 767 994 832 dimone
1008 771 1048 830 sit
1060 771 1206 840 evadere,
1228 773 1255 832 si
1274 773 1373 834 minus

254 865 394 935 expertus
405 874 453 927 es,
471 855 550 936 quod
564 864 593 916 te
611 853 647 916 ad
663 854 762 914 omnia
777 869 927 916 summum
944 863 1032 932 atque
1051 854 1200 916 excellens
1219 857 1373 934 ingenium

254 943 392 1013 armavit,
407 959 461 1002 uos
476 942 626 1002 sentimus.
674 937 731 998 Sed
749 944 850 1000 tamen
867 953 924 1016 ego
938 938 999 999 titio
1014 938 1164 1008 dixeram,
1193 938 1303 1001 librum
1318 940 1376 1001 tibi

254 1025 366 1104 legeret
382 1032 411 1087 et
425 1025 568 1093 auferret,
592 1030 642 1085 aut
657 1040 691 1084 ea
711 1021 886 1085 condicione
901 1024 1000 1093 dmet,
1023 1023 1049 1086 si
1063 1024 1214 1102 reciperes
1225 1030 1257 1085 te
1270 1041 1373 1084 corro-
1483 1070 1484 1077 ,

213 1117 232 1178 5
255 1118 380 1180 oturuna,
399 1110 457 1171 hoo
470 1115 523 1177 est,
539 1110 564 1169 si
578 1114 673 1169 totum
688 1104 777 1167 aliurn
790 1106 913 1169 iaceres.
936 1106 980 1168 De
998 1108 1124 1170 dsiatieo
1137 1110 1253 1177 itinere,
1270 1125 1373 1186 quam

253 1212 342 1274 quom
356 1210 470 1254 summa
485 1193 645 1254 nenessitas
658 1191 828 1270 premebat,
842 1196 877 1252 ut
890 1193 1056 1270 imperasti,
1071 1191 1136 1253 ieci.
1180 1191 1223 1253 Te
1243 1208 1300 1271 pro
1323 1210 1374 1253 rue

253 1277 323 1358 quid
342 1277 463 1339 horter?
493 1276 574 1337 vides
588 1283 706 1354 tempus
718 1278 851 1344 venisse,
868 1292 927 1353 quo
942 1293 1065 1338 neeesse
1079 1277 1120 1336 sit
1131 1275 1168 1336 de
1192 1275 1279 1338 nobis
1300 1292 1373 1346 oonf
1484 1304 1485 1349 ι

253 1362 344 1422 stitui.
376 1360 454 1422 Nihil
470 1367 529 1431 est,
548 1362 588 1420 mi
603 1359 722 1429 Cicero,
738 1359 819 1439 quod
834 1359 926 1421 filium
942 1377 1042 1420 meum
1057 1366 1220 1439 exspectes.
1265 1358 1371 1421 Adule·
1484 1368 1485 1387 ³

251 1463 339 1508 scens
354 1452 413 1514 est;
430 1446 527 1506 omnia
545 1442 714 1524 excogitare
728 1443 775 1506 vel
790 1442 887 1506 studio
906 1443 1061 1506 velustate
1081 1442 1127 1506 vel
1146 1450 1227 1504 metu
1243 1461 1302 1506 non
1317 1461 1372 1524 po-

251 1536 318 1591 test.
363 1529 470 1590 Totum
485 1530 635 1606 negotium
651 1535 683 1589 tu
699 1531 846 1590 sustineas
862 1533 993 1606 oportet;
1009 1529 1041 1588 in
1055 1528 1170 1590 temihi
1186 1530 1282 1590 omnis
1302 1544 1372 1606 spes

254 1619 307 1674 est.
352 1613 397 1676 Tu
413 1631 469 1692 pro
484 1620 534 1674 tna
549 1613 721 1691 prudentia,
739 1612 847 1690 qaribus
860 1611 954 1673 rebus
967 1612 1102 1690 gaudeat,
1120 1611 1372 1692 quibusoapiatur
1485 1682 1486 1689 χ

252 1697 374 1768 Caesar,
393 1703 492 1766 tones;
515 1714 532 1756 a
546 1697 921 1774 teomniaprofioisoeutur
935 1703 1076 1775 otperto
1090 1697 1248 1757 aderitum
1263 1698 1371 1776 perdu-
1485 1696 1486 1751 ἒ

253 1788 359 1843 cantur
372 1788 566 1849 necesseest;
592 1780 671 1859 opud
685 1780 784 1859 ipsum
798 1779 941 1852 muttum,
973 1780 1051 1859 apud
1073 1780 1137 1842 eius
1157 1797 1263 1842 omues
1276 1779 1370 1859 pluri·
1485 1796 1486 1805 ¹

214 1873 233 1934 6
255 1883 337 1928 mum
352 1872 447 1944 potes.
491 1868 585 1925 Unurn
601 1863 654 1925 tibi
669 1864 694 1924 si
708 1865 910 1942 persuaseris,
936 1882 998 1925 non
1012 1865 1071 1926 hoo
1085 1883 1152 1926 esse
1170 1865 1214 1925 tui
1226 1866 1369 1934 muueris,

252 1951 277 2009 si
293 1950 363 2027 quid
379 1954 501 2026 rogatus
515 1949 622 2018 fueris,
638 1955 670 2010 ut
684 1949 775 2009 facias
791 1979 829 1994 -
849 1949 1079 2028 quemquamne
1097 1965 1239 2027 magnum
1260 1955 1290 2009 et
1309 1966 1370 2010 em-

251 2032 335 2111 plum
350 2039 395 2095 est
413 2066 466 2103 -,
482 2032 533 2094 sed
552 2038 647 2093 totum
657 2039 742 2094 tuum
763 2048 827 2092 osse
841 2050 935 2102 onus,
948 2033 1099 2111 pordeies:
1112 2034 1171 2093 nisi
1184 2032 1261 2094 torte
1276 2035 1370 2094 autin

251 2118 370 2178 miseria
387 2117 475 2177 nimis
488 2115 578 2178 stulte
596 2123 646 2177 aut
659 2117 690 2176 in
704 2116 831 2176 amicitia
844 2117 935 2178 nimis
948 2117 1136 2195 impudenter
1149 2115 1206 2176 tibi
1219 2134 1296 2178 onus
1314 2117 1368 2176 im·

252 2217 341 2278 pono.
387 2199 446 2261 Sed
467 2202 587 2278 utrique
608 2201 652 2261 rei
676 2201 896 2261 exeusationem
918 2206 987 2262 tuae
1008 2202 1084 2262 ritae
1105 2200 1288 2262 consuetudo
1304 2200 1368 2261 dot:

251 2300 320 2345 narn
337 2284 416 2363 quod
435 2285 474 2345 ita
491 2285 638 2346 consuesti
658 2301 715 2363 pro
731 2283 834 2346 amieis
850 2283 1003 2354 laborare,
1028 2301 1089 2347 non
1109 2285 1168 2345 iam
1188 2287 1231 2346 sio
1248 2293 1370 2365 sperant

251 2366 354 2439 abste,
367 2368 517 2430 sedetiam
530 2370 572 2429 sio
582 2370 730 2449 imperant
739 2367 794 2429 tibi
805 2367 971 2431 familiares.
988 2369 1074 2442 Quod
1084 2369 1122 2429 ad
1132 2368 1243 2431 librum
1256 2370 1368 2438 attinet,

251 2452 1368 2533 qraemtibifliiusdahit,petoate,neeman,autitnoorrigas,nemihiuooeat

253 2616 432 2684 (Lobrohrift
457 2620 509 2671 aui
530 2618 616 2681 Coto)
640 2618 784 2670 obuoluto:
836 2609 1367 2686 deruneaoinden’.-ouferret]ersoll—

252 2702 332 2751 quem
346 2685 440 2753 iprum
455 2702 601 2753 nunquam
619 2686 784 2752 attipiaem,
837 2694 866 2739 te
882 2704 913 2738 es
926 2687 1033 2740 wieder
1047 2685 1098 2738 mit
1110 2686 1171 2739 sioh
1184 2686 1313 2739 nehmen.

252 2760 377 2833 temporo
406 2753 506 2805 timens
534 2752 650 2806 inimico
673 2753 783 2818 uirtuti,
870 2756 897 2805 5.
914 2753 1040 2806 Aeiotioo
1052 2754 1167 2820 itinere]
1182 2752 1233 2806 Ale
1243 2752 1367 2805 Caecina

252 2819 308 2870 niso
325 2819 377 2872 titt
393 2820 521 2873 hortanti
532 2828 560 2873 et
569 2820 649 2872 illiue
660 2821 785 2873 memori·
837 2819 898 2873 aioh
909 2821 940 2872 in
952 2820 1070 2873 Sieilien
1089 2820 1168 2872 nicht
1185 2820 1263 2873 mehr
1275 2819 1368 2873 sicher

252 2902 297 2938 om
313 2887 382 2938 milri
400 2904 496 2940 eurum
512 2887 649 2941 excitanti
661 2904 719 2939 non
730 2905 785 2954 po·
837 2886 968 2955 glaubte,
980 2887 1078 2940 wollte
1091 2904 1123 2941 er
1136 2887 1207 2940 uach
1220 2887 1307 2940 Anien
1318 2903 1368 2953 ge·

250 2969 311 3005 rere
322 2956 404 3020 nefor
414 2971 472 3006 eree
481 2956 631 3007 duxissem.
643 2954 698 3006 Sed
707 2955 785 3007 teau·
836 2955 906 3016 hen,
935 2971 980 3008 nan
1002 2955 1068 3008 dort
1096 2954 1366 3023 Getdiorderungeu

243 3022 317 3087 fioor
332 3038 374 3072 me
391 3038 408 3071 o
426 3028 454 3071 te
470 3027 599 3088 nepotum
611 3027 639 3072 et
649 3037 783 3073 recurun-
834 3021 1061 3087 einzuonssireu,
1080 3039 1140 3073 was
1153 3021 1256 3074 Cicero
1268 3022 1323 3073 ihm
1335 3020 1365 3072 in

251 3094 303 3139 tem
315 3088 383 3137 doen
395 3086 513 3138 renidere
525 3103 700 3140 coenantum.
717 3088 783 3139 Volo
834 3087 925 3141 einenr
938 3089 1009 3140 noch
1026 3087 1191 3140 erbolteueu
1204 3087 1302 3140 Briefe
1313 3087 1366 3139 wi-

250 3154 324 3204 em'rn
335 3153 403 3204 milri
416 3158 504 3205 tecum
515 3170 656 3207 eommune
669 3155 781 3221 crimen,
834 3154 969 3207 derrietia.
985 3181 1013 3191 -
1027 3152 1193 3220 neoearitno]
1218 3153 1259 3205 Es
1276 3154 1366 3207 debite

250 3226 295 3286 ut,
320 3219 346 3271 ei
368 3220 507 3273 sustinere
519 3226 629 3273 tontum
642 3222 782 3288 quaestio-
832 3220 889 3273 ihm
902 3237 937 3273 nn
947 3220 1111 3274 Unterhalt.
1124 3247 1157 3258 -

248 3302 311 3339 nem
328 3302 386 3339 non
408 3294 540 3355 potuero,
563 3287 666 3341 iniusti
688 3289 781 3340 onmis
866 3292 891 3340 6.
907 3287 999 3341 Unum
1011 3288 1097 3340 nitidi
1107 3288 1300 3355 persuaseris]
1314 3288 1365 3341 der

248 3355 380 3422 impositu
404 3355 488 3423 eulpa
511 3362 563 3407 tna
588 3356 639 3420 eit,
663 3370 724 3408 meo
736 3373 780 3408 re·
833 3355 904 3407 Siun
917 3354 971 3407 ista
982 3357 1075 3408 Wenu
1086 3355 1130 3407 Du
1141 3355 1365 3408 vondernEinen

249 3422 336 3488 oepii3
352 3422 382 3472 in
399 3438 453 3488 quo
470 3428 564 3475 tomen
580 3422 680 3477 iudicii
692 3424 785 3475 nostri
833 3422 991 3491 {iterarunt
1011 3423 1084 3487 bist,
1115 3424 1193 3475 nieht
1221 3422 1282 3475 dies
1322 3422 1366 3475 sei

249 3500 369 3539 errorem
379 3489 444 3541 tona
454 3490 505 3540 titt
514 3490 782 3544 dotimunera‘aoom·
833 3489 1070 3558 DeineAufgebe‚
1077 3490 1143 3543 dnae
1153 3490 1215 3553 Du,
1228 3506 1309 3542 wenn
1317 3489 1363 3541 Du

268 3555 385 3608 ennodii.
402 3582 429 3594 -
444 3563 561 3609 ueterem
572 3557 664 3624 tuom]
678 3557 782 3611 Cicero
834 3573 880 3609 nm
892 3558 991 3611 Etwas
1004 3558 1125 3625 gebeton
1137 3556 1229 3621 wirot,
1243 3574 1274 3609 es
1285 3557 1364 3609 thnst

245 3573 328 3675 dente
345 3622 393 3674 fiir
411 3623 459 3675 ihn
472 3623 536 3675 eina
548 3624 627 3677 Rede
639 3624 781 3692 gehalten.
833 3624 905 3688 (also
918 3642 943 3679 a.
955 3626 986 3677 B.
998 3626 1072 3691 jetnt
1081 3624 1128 3677 fuir
1137 3623 1209 3675 mich
1218 3623 1281 3676 eine
1290 3623 1364 3677 Fier-

249 3718 282 3727 —
298 3690 442 3741 columnia
464 3690 587 3758 timoris]
614 3692 659 3743 dr'e
681 3692 782 3758 Sopni-
830 3692 905 3744 bitte
918 3692 1042 3758 einiegat
1054 3691 1111 3743 und
1124 3691 1200 3742 donn
1211 3706 1362 3758 genugge·

249 3757 367 3808 etereien
386 3758 436 3808 der
448 3757 568 3822 Furem,
593 3757 639 3809 die
657 3757 717 3810 sich
730 3758 783 3811 ruit
832 3759 900 3810 than
918 3775 954 3811 nu
967 3759 1058 3811 huben
1080 3758 1216 3825 glaubat)‚
1240 3758 1363 3811 eundern

249 3822 483 3891 unbogrdndeten
508 3824 684 3878 erdichteten
708 3825 781 3877 Din·
831 3825 878 3877 die
902 3842 991 3892 ganne
1008 3825 1079 3877 Luat
1094 3825 1164 3877 ruho
1182 3824 1296 3878 eufDir
1320 3823 1363 3889 (so

249 3890 784 4027 stt‘iniit‘nthitttigffltii
835 3891 1364 4012 tuttdtdttdidttttttidid

249 4023 295 4074 ein
306 4025 428 4077 anderer
437 4024 570 4091 (Caesar)
581 3998 785 4079 dardber’den·
835 4025 937 4079 ffihren
962 4026 1073 4092 mersat).
1090 4054 1122 4065 -
1140 4026 1273 4093 imperat]
1310 4026 1364 4076 lm-

249 4090 320 4155 ken,
342 4091 397 4142 wie
415 4108 447 4144 er
465 4110 494 4145 es
513 4094 680 4146 aufnehmen
698 4093 781 4144 wird.
855 4110 936 4145 erare
952 4094 1040 4146 alieni
1057 4094 1175 4159 aliquid,
1201 4092 1364 4145 Eirooaoon

248 4157 436 4275 {saurga}
451 4160 782 4292 z.]1.4l31.¹ussr.1113.·13;
838 4227 845 4241 ·
862 4161 1075 4295 ἱπειὶιθῖονάοηι.
1087 4189 1121 4199 -
1134 4177 1168 4211 ne
1184 4160 1281 4227 exeat]
1299 4159 1363 4213 scil.

267 4248 330 4274 .-—
427 4241 471 4276 ere
514 4243 614 4280 ason
650 4246 685 4273 π
722 4244 763 4278 oro
832 4243 915 4281 anon
945 4247 987 4281 oo.
