3000 4650
1289 99 1302 134 l

407 335 427 358 ,.
538 260 567 346 r.
584 287 919 376 mantusncuuus„
1196 287 1267 388 *13¹7

558 533 851 601 &aaronem
869 491 871 498 V

487 659 521 717 ll.
537 658 652 716 CICERO
666 659 693 716 S.
708 656 737 716 a.
753 653 782 716 ΡΖ
797 657 931 718 ticcio:
952 727 955 734 ,

234 791 394 863 Quaerenti
407 791 482 853 mihi
497 789 618 860 iamdiu,
633 792 704 870 quid
719 791 757 852 ad
772 797 802 851 te
816 792 1001 868 potissimum
1016 792 1189 865 scriberem,
1207 811 1266 856 non
1291 801 1309 860 i

146 875 237 938 mado
253 883 401 937 certares
414 873 510 945 nuda,
525 876 580 937 sed
594 890 742 952 negemus
758 874 1051 952 quidemlitterarum
1063 881 1204 940 usitatum
1217 897 1267 941 ve·
1303 900 1307 906 ’
1325 909 1326 918 ¹
1341 911 1345 924 ·
1376 943 1387 962 ⁸

147 960 451 1022 nioaatiumentem.
493 959 589 1021 Unam
604 961 683 1020 euim
705 967 821 1037 partem
844 967 874 1021 et
897 961 1142 1023 consuetudinem
1164 978 1267 1025 earum

148 1043 356 1123 epistolarum,
373 1042 482 1122 quilius
497 1043 637 1104 secundis
649 1043 741 1109 rebus
755 1045 798 1104 nti
814 1043 1000 1114 solebamus,
1016 1053 1134 1126 tempus
1150 1049 1268 1126 eripue-

146 1136 202 1198 rat,
217 1128 445 1206 perfeceratque
458 1127 588 1198 fontum,
602 1145 641 1188 ne
655 1128 727 1208 quid
737 1125 796 1189 tale
808 1127 941 1189 scrihere
951 1145 1069 1208 possem
1084 1133 1290 1210 automninoj
1332 1178 1341 1192 ,
1378 1137 1380 1144 ’

148 1214 289 1290 cogitare.
319 1209 554 1289 Relinquebatur
571 1212 655 1273 triste
670 1211 817 1291 quoddam
831 1219 869 1286 ,et
888 1213 1030 1275 miserum
1046 1223 1076 1276 et
1091 1215 1137 1274 his
1153 1223 1268 1296 tempo·

146 1293 230 1357 ribos
248 1303 480 1358 consentaneum
495 1311 590 1372 genus
606 1294 785 1364 litterarum;
804 1296 834 1356 id
850 1313 969 1377 quoque
984 1297 1141 1359 deficiebat
1153 1317 1216 1371 me,
1235 1303 1268 1362 iu

147 1397 206 1460 quo
217 1378 345 1440 debebat
358 1395 425 1441 esee
439 1386 490 1440 aut
500 1381 658 1457 promissio
672 1379 772 1440 auxilii
785 1379 908 1442 alicuius
920 1388 970 1441 aut
981 1380 1143 1442 consolatio
1157 1382 1270 1446 doloris

144 1465 211 1539 tui}
228 1462 307 1533 Quid
321 1460 487 1543 pollicerer,
504 1481 566 1524 nen
577 1470 655 1524 crat:
670 1465 738 1543 ipse
751 1466 830 1525 enim
840 1466 906 1542 pari
919 1464 1036 1526 fortuna
1048 1465 1180 1528 abiectus
1195 1467 1267 1528 alio·
1328 1487 1331 1500 ¹

146 1562 219 1608 rum·
230 1547 346 1626 opilius-
358 1565 444 1610 casus
463 1564 547 1609 meos
561 1547 779 1618 sustentatam,
804 1549 980 1626 saepiusque
1001 1549 1074 1609 mihi
1087 1549 1224 1612 veniebat
1237 1553 1268 1612 in

146 1638 277 1694 mentem
291 1633 391 1711 queri,
415 1633 494 1712 quod
519 1633 560 1692 ite
577 1634 722 1701 viverem,
745 1649 835 1710 quam
859 1632 1107 1714 gauderequod
1127 1637 1264 1697 viverem.

146 1716 330 1795 Quamquam
346 1718 426 1778 euim
446 1715 527 1778 nulla
544 1733 592 1776 me
612 1717 709 1794 ipsum
724 1717 859 1794 privatim
880 1715 994 1795 pepulit
1014 1716 1138 1794 insignis
1158 1718 1263 1780 miuria
1287 1718 1309 1779 2

146 1816 204 1860 nec
218 1799 291 1860 miii
305 1801 467 1880 quidquem
483 1798 534 1861 tali
550 1807 686 1878 tempore
700 1801 730 1860 in
746 1807 876 1862 mentem
891 1801 969 1861 venit
983 1808 1096 1879 optare,
1113 1802 1193 1882 quod
1208 1819 1267 1864 non

145 1882 224 1945 ultro
238 1883 313 1946 mihi
326 1884 436 1947 Caesar
451 1882 605 1945 detulerit:
627 1891 727 1945 tamen
746 1883 941 1945 nihilominus
955 1885 996 1945 eis
1017 1885 1159 1947 conficior
1178 1887 1283 1958 euris,'

145 1975 179 2027 ut
191 1969 298 2046 ipsum,
314 1969 394 2047 quod
410 1985 546 2033 maneam
560 1970 592 2028 in
605 1969 671 2040 vita,
686 1984 814 2046 peecare
825 1987 875 2030 mc
887 1969 1061 2030 existimem.
1079 1969 1172 2031 Careo
1189 1972 1268 2032 enim

144 2066 214 2112 crim
230 2050 464 2116 familiarissimis
479 2051 596 2120 multis,
611 2069 686 2131 quos
699 2062 749 2113 aut
762 2064 844 2114 mors
855 2052 964 2130 eripuit
974 2052 1060 2113 nobis
1071 2060 1121 2114 aut
1135 2051 1270 2116 distraxit

145 2135 226 2214 fuga,
243 2143 308 2196 tum
326 2137 465 2198 omnihus
480 2138 592 2213 amieis,
609 2153 736 2213 quorum
750 2135 985 2198 benevolentiam
1000 2135 1087 2196 nobis
1099 2136 1270 2200 conciliarat

144 2235 200 2297 per
214 2238 263 2280 me
282 2220 432 2297 quondam
447 2225 478 2280 te
493 2221 575 2282 socio
590 2219 710 2280 defensa
725 2237 776 2297 res
792 2219 926 2298 publica,
939 2237 1101 2298 versorque
1116 2223 1146 2282 in
1164 2239 1267 2284 eorum

144 2302 309 2381 naufragiis
322 2311 352 2365 et
365 2303 514 2366 bonorum
528 2303 758 2383 direptionibus;
774 2313 831 2365 nec
846 2305 932 2367 audio
947 2303 1060 2375 solum,
1077 2306 1156 2385 quod
1169 2308 1268 2385 ipsum

146 2394 224 2447 essct
233 2390 386 2460 numerum
398 2388 450 2450 sed
462 2389 594 2449 etiamid
607 2389 671 2468 ipse
681 2389 775 2459 video,
788 2406 847 2467 quo
861 2387 934 2449 nihil
945 2398 989 2449 est
1000 2388 1147 2459 acerbius,
1164 2388 1268 2453 eorum

146 2471 283 2531 fortunas
299 2471 450 2551 dissipari,
468 2471 575 2551 quibus
590 2489 646 2533 nos
659 2472 730 2534 olim
745 2472 929 2535 adiutoribus
945 2472 1018 2535 illud
1032 2474 1202 2535 incendium
1218 2494 1268 2537 ex·

145 2554 314 2623 niaximum
337 2561 380 2622 et,
402 2558 433 2616 in
448 2574 506 2635 qua
522 2556 598 2618 urhe
613 2557 701 2618 modo
715 2560 824 2635 gralia,
847 2559 1034 2628 auctoritate,
1056 2557 1149 2635 gloria
1164 2556 1267 2620 florui-

70 2634 74 2641 ’
145 2655 227 2707 mus,
249 2639 280 2699 in
296 2658 330 2701 ea
351 2653 433 2701 nunc
445 2640 496 2701 liis
514 2642 634 2718 quidem
650 2641 788 2703 omuibus
808 2658 953 2703 caremus.
987 2640 1160 2703 Obtinemus
1175 2644 1268 2721 ipsius

147 2722 281 2785 Caesaris
303 2741 449 2785 summam
470 2742 541 2803 erga
563 2742 618 2787 nos
638 2724 867 2794 humanitatem;
893 2726 945 2789 sed
964 2743 998 2786 ea
1013 2724 1080 2803 plus
1095 2742 1154 2786 uon
1171 2733 1269 2805 potest

146 2823 236 2887 quam
252 2809 296 2869 vis
309 2811 471 2870 etmutatio
488 2811 621 2871 omnium
635 2826 737 2874 rerum
749 2818 837 2888 atque
847 2817 1026 2887 temporum.
1062 2809 1164 2887 ltaque
1177 2810 1269 2873 orbus
1293 2812 1317 2873 3:
1351 2849 1353 2860 ,

145 2892 183 2951 iis
196 2891 288 2952 rebus
304 2892 459 2962 omnibus,
480 2891 587 2972 quihus
608 2900 638 2955 et
649 2900 758 2954 natura
775 2911 824 2955 me
844 2900 873 2954 et
886 2893 1020 2955 voluntas
1040 2899 1070 2953 et
1085 2896 1268 2955 cousuetudo

147 2975 360 3047 assuefecerat,
377 2994 445 3037 cum
462 2979 583 3047 celeria,
602 2984 635 3038 ut
651 2977 771 3058 quidem
785 2978 903 3046 videor,
925 2984 989 3037 tum
1004 2976 1076 3038 mihi
1090 2976 1154 3055 ipse
1169 2977 1268 3058 displi-

147 3076 210 3121 ceo.
250 3059 343 3121 Natus
368 3063 446 3121 enim
467 3062 506 3122 ad
520 3062 667 3139 agendum
683 3070 810 3143 semper·
824 3060 932 3141 aliquid
948 3061 1068 3138 dignum
1089 3061 1167 3133 viro,
1188 3079 1270 3124 nunc

180 3242 279 3296 Error.
291 3244 367 3295 XVI.
385 3245 446 3307 (708
461 3279 467 3293 .
480 3244 536 3308 46.)
734 3244 837 3297 Cicero
862 3242 904 3296 als
929 3242 993 3297 Cos.
1023 3244 1179 3297 besonders
1205 3218 1289 3299 deml

181 3311 212 3389 1..
225 3308 351 3390 partein]
363 3328 399 3404 (Ξ
410 3326 510 3376 genus.
519 3338 553 3349 -
564 3326 682 3402 consuf·
734 3312 827 3392 Rathe
852 3311 902 3391 des
926 3310 1072 3389 fjigidius.
1086 3338 1118 3349 --
1131 3312 1266 3364 donorum
1287 3313 1291 3367 ἒ

144 3374 683 3499 clarissumarum
733 3377 1271 3499 filiifliiltaltteititt.

145 3510 684 3589 tang:arrdzmar.8.z.ll.2l„4,-uli-
735 3540 769 3551 -
781 3514 847 3581 plus
863 3529 921 3563 noro
938 3518 1030 3580 puteat
1045 3510 1147 3579 quum]
1166 3514 1197 3565 Β.
1214 3512 1258 3565 ΠΙ

145 3592 227 3628 amon
238 3576 350 3657 oppius]
365 3577 453 3659 durch
466 3579 616 3659 ‹lieansa
625 3580 684 3631 und
736 3584 777 3632 20.
785 3585 810 3633 3.
820 3578 917 3659 Multo
926 3580 1026 3661 pictori
1038 3579 1268 3661 coremuriitrirq

146 3642 684 3779 filialitlttllatittttd:
733 3654 969 3767 {ciiiiliw't’
988 3654 1072 3699 “lm
1087 3653 1177 3727 'lm
1197 3648 1271 3711 ce.

148 3792 227 3845 nung
255 3778 313 3830 und
346 3779 619 3848 Gitereinrlelrung.
649 3808 682 3819 -
769 3780 965 3849 3.ut.cirlcor]
981 3779 1270 3846 ffirotmtttctdeor,

146 3846 158 3896 a·
178 3862 240 3898 sum
258 3882 288 3897 ..
307 3846 438 3913 peecare]
464 3848 516 3901 der
539 3848 606 3900 Ace.
631 3848 683 3901 des
733 3848 786 3901 ieie
800 3849 846 3901 tet
863 3849 973 3915 plaude,
997 3848 1062 3915 vgt.
1078 3847 1125 3927 die
1140 3848 1269 3928 persdnl.

177 3918 305 3965 eutrums
321 3913 400 3966 eines
418 3914 505 3968 Pron.
524 3916 594 3968 oder
609 3914 683 3968 Pro·
734 3916 939 3969 Consmuction
955 3932 1014 3967 rou
1030 3915 1121 3966 uidere
1138 3930 1174 3967 im
1192 3914 1268 3967 Zwi-
1297 3935 1300 3941 ·

146 3980 410 4047 nominal-Adject.
438 3981 530 4035 findet
556 3982 617 4035 sicli
640 3983 679 4037 iru
732 3983 899 4037 rehensatze
917 3984 940 4035 Ι.
953 3986 996 4035 25.
1009 3986 1035 4035 d.
1059 3982 1201 4036 orheim
1218 3989 1267 4047 eet,

146 4046 258 4102 Letein.
280 4047 376 4115 hiufig
396 4048 445 4101 bei
466 4049 612 4115 Intrare,
636 4058 682 4101 wo
733 4049 1271 4121 wodieunpersdnl.Constr.unlatei·

147 4112 201 4194 wir
225 4129 278 4168 uns
303 4115 355 4167 der
379 4116 517 4185 Praepos.
539 4117 681 4171 bedieneu
734 4117 813 4172 nisclr
827 4118 911 4171 wire.
925 4119 955 4170 Β.
970 4116 1042 4171 aceli
1052 4116 1135 4170 Caes.
1145 4116 1177 4169 B.
1188 4118 1224 4169 G.
1232 4117 1269 4168 V.

144 4196 268 4299 mt'ffl‘
277 4184 382 4317 perffie
390 4183 485 4303 dim,
498 4184 683 4320 otlariffiehlo‘zr.
732 4184 1269 4305 17.Repulsideinailoosaldiderunt,

148 4264 311 4303 —erocro
381 4267 414 4304 ae
482 4266 565 4304 nare
609 4269 625 4303 o
669 4268 686 4304 e
746 4268 874 4307 ommno
