3000 4650
236 244 296 309 196
614 250 672 305 ua
689 249 860 305 rursmsr.
878 252 918 302 re.
935 251 975 303 17.
1053 247 1055 249 ·
1139 229 1149 243 ‘

233 420 297 484 aut,
317 413 342 473 si
356 414 386 472 in
403 430 437 473 eo
452 413 524 473 mibi
544 414 799 490 temperarissem,
820 415 947 472 maiores
964 412 1134 472 occasiones
1150 412 1186 470 ad
1202 408 1346 489 opitulan-

234 499 305 559 dum
319 496 475 557 haberem:
501 496 663 573 expeditius
679 498 735 555 iter
751 498 915 558 communis
930 495 1031 560 salutis
1049 513 1138 571 quam
1152 512 1235 555 meae
1250 493 1345 554 laudis

150 607 153 610 ·
235 600 300 641 esse
316 581 405 645 volui.
434 580 508 640 Nam
524 581 589 662 quis
612 582 643 638 in
664 598 698 639 ea
718 580 851 648 fortuna,
873 598 949 658 quae
964 597 1030 638 mea
1049 587 1107 649 est,
1133 586 1162 638 et
1177 578 1213 637 ab
1231 596 1265 637 ea
1279 578 1346 647 vita,

235 684 323 743 quam
334 666 366 725 in
382 683 430 725 me
447 665 592 740 cognitam
609 662 778 723 hominibus
794 663 937 733 arbitror,
953 672 1063 722 etcum
1079 680 1113 722 ea
1129 680 1196 738 spe,
1213 680 1302 741 quam
1316 663 1348 720 ia

234 748 370 809 manibus
385 747 496 816 habeo,
513 752 561 808 aut
577 747 728 807 sordidum
745 747 905 826 quidquam
922 748 983 824 pati
997 755 1047 807 aut
1063 745 1261 823 perniciosum
1277 762 1347 804 coa·

194 838 214 899 3
238 832 390 911 cupiscere
404 832 518 911 polest‘l
540 831 599 892 Sed
614 830 793 909 aliquantum
808 829 894 890 nobis
907 832 1050 908 temporis
1066 836 1095 889 et
1106 830 1205 906 magni
1229 828 1349 889 labores

235 923 265 977 et
281 915 391 977 multae
408 918 560 992 impensae
581 931 656 991 opus
671 915 804 984 luerunt,
828 921 862 974 ut
885 933 960 993 quae
975 915 1020 973 rei
1046 912 1182 991 publicae
1203 912 1348 988 bonisque

235 998 372 1060 omnibus
383 998 602 1075 polliccrcmur,
616 999 696 1058 exitu
709 1005 928 1075 praestaremus
935 1016 1034 1076 neque
1042 997 1079 1057 ad
1092 996 1349 1074 auxiliumpatriae
1384 1035 1386 1040 .

133 1131 138 1138 .
235 1083 308 1151 nudi
322 1101 389 1143 cam
410 1082 488 1141 bona
501 1080 650 1142 voluntate
666 1082 719 1141 sed
742 1100 810 1142 cum
825 1081 1012 1143 facultatibus
1026 1080 1243 1141 accederemus.
1273 1079 1348 1139 Gon-

235 1166 397 1228 brmandus
414 1173 477 1225 erat
492 1166 638 1225 exercitus
653 1164 754 1233 nobis,
771 1165 885 1242 magnis
899 1183 988 1243 saepe
1008 1165 1147 1241 praemiis
1167 1162 1347 1233 sollicitatus,

236 1257 269 1311 ut
286 1250 322 1310 ab
338 1248 505 1327 republica
522 1250 620 1326 potius
634 1249 788 1309 moderata
804 1267 892 1327 quam
917 1248 954 1309 ab
978 1266 1039 1309 uno
1065 1248 1176 1316 infinita
1199 1257 1347 1325 speraret;

235 1332 455 1399 confirmandae
471 1331 639 1409 complures
655 1333 798 1401 civitates,
820 1351 896 1412 quae
915 1333 1068 1409 superiore
1089 1350 1167 1392 anno
1186 1330 1349 1408 largitioni·

79 1441 84 1462 1
141 1480 144 1484 ,
234 1417 291 1477 bus
307 1415 609 1494 concessionibusque·
621 1418 822 1494 praemiorum
838 1424 922 1476 erant
937 1415 1097 1493 obligatae,
1118 1425 1152 1475 ut
1171 1425 1201 1475 et
1214 1415 1262 1475 illa
1277 1431 1350 1473 rana

235 1508 373 1579 putarent
395 1510 425 1560 et
451 1500 553 1561 eadem
583 1518 601 1560 a
618 1500 791 1561 melioribus
806 1498 976 1560 auctoribus
991 1499 1118 1577 petenda
1132 1500 1349 1567 existimarent;

237 1583 408 1645 adiciendae
427 1586 515 1645 etiam
538 1583 703 1644 voluntates
728 1583 928 1662 reliquorum,
959 1585 1010 1660 qui
1034 1584 1165 1645 finitimIs
1191 1584 1349 1660 provinciis

237 1667 475 1746 exercitibusque
488 1666 698 1745 praefuerunt,
714 1675 748 1726 ut
762 1669 859 1744 potius
876 1685 944 1726 cum
958 1664 1095 1744 pluribus
1109 1668 1281 1727 societatem
1297 1666 1348 1727 de·

236 1750 401 1811 fendendae
416 1750 561 1811 libertatis
580 1752 739 1819 iniremus
767 1768 857 1828 quam
884 1768 952 1811 cam
984 1749 1175 1826 paucioribus
1202 1749 1349 1811 funestam

194 1840 215 1899 4
236 1834 303 1895 orbi
328 1841 478 1895 terrarum
503 1835 655 1893 victoriam
679 1835 870 1912 partiremur.
901 1833 1052 1894 Muniendi
1072 1850 1142 1893 vcro
1161 1834 1350 1911 nosmetipsi

235 1919 344 1978 suimus
357 1925 444 1978 aucto
463 1917 594 1978 exercitu
609 1917 783 1996 auxiliisque
798 1915 1013 1996 multiplicatis,
1034 1924 1083 1986 ut,
1098 1934 1167 1976 cum
1181 1918 1349 1995 praeferre-

235 2018 302 2067 mus
318 2018 423 2068 sensus
438 2008 553 2078 aperte,
568 2007 647 2070 tum,
664 2002 750 2061 etiam
770 2001 866 2061 inritis
880 2000 1070 2080 quibusdam,
1097 2001 1179 2071 sciri,
1206 2002 1275 2078 quid
1298 2001 1348 2061 de-

235 2085 347 2145 lensuri
368 2102 514 2162 essemus,
543 2101 603 2145 non
629 2091 706 2145 esset
726 2082 935 2162 periculosum.
964 2085 1008 2146 lta
1026 2101 1179 2163 nunquam
1199 2084 1348 2146 diffitebor

235 2167 327 2229 multa
343 2186 406 2236 me,
424 2177 457 2228 ut
471 2168 508 2227 ad
524 2167 661 2229 ellectum
675 2166 785 2228 horum
801 2168 991 2229 consiliorum
1006 2170 1201 2245 pervenirem,
1218 2176 1247 2229 et
1258 2170 1347 2228 simu-

130 2279 134 2288 «
234 2250 310 2310 lasse
323 2252 446 2335 inritum
462 2258 491 2311 et
502 2250 700 2312 dissimulasse
718 2251 918 2320 cumdolore,
939 2252 1018 2332 quod
1032 2260 1220 2330 praematura
1235 2252 1348 2312 denun-

235 2335 316 2395 tiatio
329 2334 401 2395 boni
419 2337 488 2396 ciris
501 2337 638 2413 imparati
653 2354 741 2414 quana
755 2336 921 2415 periculosa
935 2347 1025 2406 esset,
1056 2356 1092 2397 ex
1119 2347 1196 2397 casu
1217 2336 1348 2413 collegae

138 2450 142 2459 ι
193 2417 376 2482 5viilebam.
406 2420 469 2490 Quo
496 2421 615 2480 nomine
645 2422 731 2480 etiam
759 2420 789 2480 C.
814 2419 923 2480 Furnio
948 2419 1058 2497 legato,
1088 2421 1149 2480 viro
1170 2421 1348 2501 lortiatque

236 2498 371 2571 strenuo,
392 2502 478 2581 plura
503 2504 590 2563 etiarn
610 2503 701 2564 verbo
721 2521 811 2580 quam
826 2506 971 2581 scriptura
986 2503 1121 2564 mandata
1145 2504 1294 2573 dedimus,
1315 2511 1349 2564 ut

235 2593 265 2646 et
280 2588 386 2647 tectius
402 2586 439 2646 ad
454 2604 505 2647 ros
520 2587 724 2664 perferrentur
740 2595 769 2647 et
784 2606 838 2647 nos
861 2605 992 2647 essemus
1006 2589 1155 2654 *tutiorem
1182 2588 1347 2666 quibusque

147 2685 152 2691 ’
234 2669 326 2731 rebus
356 2677 385 2730 et
413 2688 600 2747 communem
627 2670 752 2731 salutem
779 2673 888 2731 muniri
912 2678 942 2731 et
959 2688 1013 2732 nos
1034 2673 1143 2731 armari
1168 2673 1346 2739 conveniret,

236 2755 451 2830 praecepimus.
483 2752 525 2812 ux
541 2772 600 2832 quo
628 2754 750 2831 intelligi
776 2762 873 2834 potest
889 2772 990 2814 curam
1004 2756 1050 2814 rei
1065 2753 1201 2832 publicae
1216 2772 1347 2814 summae

194 2842 214 2902 6
237 2836 441 2898 delendundae
454 2837 629 2914 iampridem
646 2839 724 2917 apud
738 2856 794 2899 nos
809 2837 965 2900 excubare.
993 2838 1090 2908 Narro,
1108 2856 1175 2897 cum
1192 2837 1281 2897 decim
1295 2837 1348 2898 he-

1373 2438 1386 2451 “

236 2986 368 3039 diremur.
394 2986 549 3051 Naegelsb.
570 2986 635 3038 Stil.
656 3003 684 3052 p.
706 2991 765 3039 338.
818 2987 988 3039 simulantur
1001 2984 1091 3036 rera'.
1104 2984 1281 3052 -collepae]
1297 2986 1345 3037 des

235 3051 301 3118 Vgl.
319 3052 412 3102 z.111.
430 3055 614 3104 21.4.—ea
632 3070 680 3117 spe
716 3055 769 3104 auf
817 3055 851 3108 D.
870 3055 990 3115 Brutus,
1009 3053 1059 3104 der
1075 3053 1106 3102 in
1121 3053 1233 3107 Mutina
1250 3053 1348 3120 einge-

235 3117 285 3170 das
310 3117 457 3169 Consulat.
481 3119 681 3170 —sordidum
720 3119 766 3171 die
817 3119 962 3171 schlossen
974 3136 1043 3170 war.

236 3184 462 3249 Unterwerlung
474 3191 559 3239 uuter
570 3186 718 3238 Antonius.

250 3264 255 3267 '
269 3256 294 3305 3.
308 3251 501 3318 aliquantum]
521 3253 550 3303 S.
564 3253 719 3307 z.1.1s.r.
733 3282 766 3290 —

235 3317 418 3384 sollicitatus]
435 3336 491 3371 ron
503 3319 652 3371 Antonius.
666 3346 697 3355 -
710 3337 767 3371 mo-

851 3192 876 3238 5.
896 3188 956 3250 Quo
972 3183 1099 3251 nomine]
1120 3186 1148 3237 S.
1167 3203 1190 3236 z.
1208 3186 1246 3237 ΙΙ.
1264 3190 1346 3238 20.1.

817 3252 1077 3333 -Jpluraeti'amod
1091 3253 1241 3304 mebrnoclt
1247 3253 1347 3333 raons

817 3321 880 3374 liele.
898 3349 930 3357 —
947 3338 988 3371 ret
1004 3337 1034 3386 p.
1050 3319 1187 3386 summae]
1215 3322 1278 3371 Wre
1299 3321 1347 3370 ber

236 3385 351 3450 derata]
376 3386 496 3450 meissipe
512 3386 713 3452 Beloltraunperc
729 3413 765 3425 -
814 3404 938 3438 summus
954 3384 1347 3454 monaderSuperlativdazu

235 3452 379 3531 superiore
391 3452 477 3517 anno]
489 3452 630 3504 Antonius
643 3454 720 3506 hatte
733 3455 764 3505 in

169 3548 172 3551 v
234 3535 341 3572 sennem
354 3518 493 3571 Consulat
504 3518 574 3584 (44.)
585 3528 668 3572 unter
677 3521 765 3573 Miss-

816 3454 910 3517 ὀίεαι,
936 3453 991 3504 den
1009 3454 1093 3505 einen
1111 3454 1244 3505 hiichsten
1261 3452 1345 3504 Tbeil

817 3521 867 3572 des
879 3521 985 3587 Berges
999 3537 1033 3572 zu
1046 3521 1233 3585 bezeichnen,
1251 3520 1345 3572 indern

234 3585 343 3638 braucb
357 3603 414 3636 von
425 3586 693 3655 CaesarsPapieren
704 3589 765 3639 ein-

236 3652 338 3704 zelnen
363 3654 481 3706 Staaten
498 3653 675 3706 bedeutende
691 3652 767 3706 V'or-

235 3719 495 3783 recbteverliehen,
509 3720 601 3771 umsie
611 3716 766 3773 fiirsicb’zu
798 3766 800 3769 ,

236 3785 767 3853 gewinnen.-auctorid.]vomSenate.

269 3855 295 3902 4.
308 3860 342 3904 ut
354 3890 361 3903 .
378 3869 453 3904 aeon
466 3853 551 3920 esset]
571 3853 663 3905 nicht:
677 3856 767 3907 demit

817 3588 868 3639 der
892 3589 968 3655 Berg
996 3584 1074 3638 nicht
1103 3587 1210 3638 andern
1227 3588 1346 3652 'Bergen

818 3655 979 3721 gegeniiber
986 3655 1028 3706 als
1036 3653 1205 3705 derhdchste
1215 3654 1345 3706 bezeich-

819 3730 868 3772 net
885 3722 973 3784 wird,
995 3721 1119 3772 sondern
1136 3720 1181 3771 ein
1198 3721 1280 3773 Tbeil
1297 3721 1345 3771 des

817 3788 924 3853 Berges
940 3788 990 3838 mit
1012 3788 1117 3839 andern
1140 3787 1261 3856 Theilen
1285 3788 1347 3838 des·

818 3855 916 3906 selben
940 3856 1045 3919 Berges
1070 3854 1234 3920 vergliche'a
1257 3854 1344 3906 wird:

235 3919 327 3985 nicht,
341 3935 393 3971 zur
405 3920 604 3986 Bezeicbnung
617 3921 695 3974 einer
707 3923 766 3974 Ab·
817 3939 848 3973 so
861 3921 1027 3972 bezeichnet
1050 3921 1121 3973 auch
1138 3939 1244 3973 summa
1256 3939 1300 3972 res
1316 3937 1344 3986 p.

236 3985 322 4050 sicbt,
340 3986 370 4037 in
382 3985 515 4038 welchem
527 3987 608 4039 Folle
620 4005 655 4039 rae
667 3987 767 4040 stehen
817 3991 869 4039 das
881 3988 1002 4039 Hriclrrte
1014 3987 1061 4038 dea
1072 3989 1193 4051 Serretes,
1208 3989 1252 4040 die
1264 3987 1347 4040 brich-

236 4052 353 4116 masere,
378 4054 515 4105 sondern=
541 4070 571 4104 so
593 4056 660 4106 dass
678 4056 764 4119 nicht,
816 4062 877 4105 atera
889 4055 1044 4106 interessem
1062 4056 1109 4108 des
1121 4057 1243 4106 Staures.
1266 4055 1346 4106 Fam.

236 4134 287 4169 aur
304 4118 503 4187 Bezeichnung
520 4121 599 4172 einer
616 4121 714 4188 Fclgc.
732 4151 765 4161 -
816 4119 895 4173 XIII.
908 4124 950 4172 68.
964 4126 988 4172 2.
1013 4122 1073 4187 Epo
1091 4123 1128 4173 ad
1145 4129 1185 4185 te,
1205 4122 1237 4172 de
1249 4139 1279 4173 re
1290 4139 1345 4189 pu-

235 4183 393 4252 simulasse]
408 4186 594 4267 ‘Sinrulantur
606 4188 694 4252 falsa,
707 4189 764 4242 dis·
816 4189 886 4241 blica
911 4206 1017 4243 summa
1041 4189 1109 4255 quid
1132 4188 1262 4255 sentiam,
1288 4205 1345 4240 noa
