3000 4650
231 253 293 316 160
615 251 674 308 nu.
690 249 733 309 ιι.
747 247 851 332 uersu.
867 247 909 302 aa.
925 247 966 302 ao.

224 431 294 484 tare
309 435 401 499 ,posse
415 417 557 490 videatur,
602 414 662 477 Sed
677 414 701 474 si
717 419 763 474 est
779 407 955 490 apes‘aliqua
968 408 1060 470 rebus
1075 403 1292 488 communibus,
1309 422 1349 467 ea·

185 517 206 578 5
230 515 282 576 tu,
299 505 468 585 quicunque
484 507 579 564 status
594 505 639 562 est
654 497 787 567 iuturus,
803 511 909 557 oarere
927 509 990 554 nou
1010 486 1111 553 debes.
1154 489 1251 569 Atque
1270 489 1345 549 liaeo

230 587 304 650 milri
320 587 461 650 soribeuti
475 583 613 647 veniebat
632 583 664 645 iu
682 588 812 643 mentem
826 597 875 641 me
889 595 955 640 esso
975 591 1060 644 euru,
1082 575 1167 636 euius
1185 581 1220 636 tu
1240 571 1345 651 despe-

230 675 375 734 rationem
390 685 531 733 aoousare
551 667 655 729 solitus
676 681 916 743 essesquemque
934 660 1113 723 auctoritate
1132 664 1183 720 tna
1204 666 1346 719 eunomu-

230 765 291 819 tem
306 763 336 818 et
350 754 531 819 diffidentem
545 752 683 814 excitare.
716 749 781 821 Quo
796 747 915 828 quidem
929 751 1065 823 tempore
1079 758 1141 804 nou
1155 757 1212 818 ego
1227 755 1346 802 oausam

230 845 378 915 besuam,
393 838 446 902 sed
462 835 616 900 eonsilium
632 831 847 913 improbabam.
884 831 958 892 Sero
973 829 1052 890 euim
1067 844 1123 890 uos
1136 825 1172 888 iis
1187 826 1280 887 armis
1294 825 1345 885 ad·

231 925 344 986 versari
355 922 499 992 videbam,
515 937 591 1000 quae
601 917 694 980 mubo
706 916 955 978 autemnlirmata
966 930 1021 991 per
1031 911 1238 989 nosmetipsos
1251 916 1345 976 erant,

232 1007 430 1086 dolebamque
444 1005 511 1084 pilis
529 1011 558 1066 ot
572 1002 689 1082 gladiis,
707 1017 768 1060 uon
784 998 1025 1076 consiliumque
1049 993 1277 1058 auetoritatibud
1293 1010 1346 1053 oo-

230 1092 301 1154 stris
315 1093 352 1153 de
373 1093 438 1153 iure
451 1088 572 1167 publioo
587 1084 755 1164 disoeptari.
799 1083 902 1163 Neque
917 1097 973 1159 ego
989 1099 1038 1149 ea,
1067 1097 1145 1158 quae
1170 1077 1247 1140 laeta
1267 1085 1346 1145 sunt,

232 1176 298 1236 lore
314 1171 381 1236 oum
397 1172 546 1241 dicebam,
566 1169 734 1232 divinabam
748 1169 865 1238 lutura,
886 1166 949 1236 sed,
963 1166 1043 1245 quod
1066 1172 1097 1226 ot
1121 1161 1187 1224 fieri
1208 1179 1297 1242 posse
1316 1168 1348 1222 et

233 1259 391 1320 exitiosum
405 1256 487 1326 fore,
504 1257 529 1317 si
549 1255 704 1323 evenisset,
726 1251 877 1322 videbam,
900 1252 930 1312 id
951 1267 991 1311 ue
1010 1247 1172 1317 aooideret,
1195 1246 1346 1315 timebam,

234 1343 410 1422 praesertim
425 1358 508 1410 oum,
528 1341 554 1404 si
567 1339 640 1402 mihi
655 1338 781 1400 altarum
796 1344 897 1399 utrum
910 1335 948 1396 de
963 1339 1069 1396 eventu
1084 1337 1172 1412 atque
1197 1331 1279 1392 exitu
1298 1347 1347 1390 re·

235 1444 303 1488 rum
327 1421 558 1505 promittendum
574 1430 667 1493 esset,
697 1423 729 1482 id
749 1421 898 1490 futurum,
935 1416 1139 1498 quodevenit,
1168 1414 1347 1494 exploratius

167 1571 171 1578 ,
233 1527 354 1588 possem
368 1509 551 1588 promittere.
578 1505 633 1568 -lis
648 1507 727 1568 enim
748 1505 840 1567 rebus
853 1501 1092 1583 praemebamur,
1111 1517 1186 1579 quae
1200 1514 1262 1560 uon
1278 1512 1348 1576 pro-

235 1593 327 1656 deunt
341 1595 371 1654 iu
386 1595 495 1662 aoiem;
511 1609 568 1653 usu
582 1599 680 1652 autem
697 1606 847 1650 umorum
869 1596 899 1650 et
913 1586 1038 1648 militum
1060 1584 1171 1646 robore
1190 1583 1348 1644 interiores

236 1695 362 1739 eramus.
406 1677 465 1738 Sed
479 1683 512 1736 tu
526 1675 607 1738 illum
622 1675 754 1736 animum
765 1689 845 1734 nuno
859 1670 987 1740 adhibe,
996 1687 1115 1749 quaeso,
1149 1685 1208 1748 quo
1221 1684 1270 1728 me
1284 1672 1348 1727 tum

185 1771 211 1832 a}
235 1779 299 1824 esse
319 1767 459 1840 oportere
481 1757 633 1822 oeusebas.
677 1757 759 1820 liaeo
778 1775 815 1818 eo
825 1757 945 1834 scripsi,
959 1753 1039 1834 quod
1067 1753 1141 1813 milri
1157 1749 1348 1830 Philargyrus

233 1855 302 1908 tuus
317 1847 415 1906 omnia
426 1843 462 1905 de
477 1851 506 1904 te
520 1844 684 1922 requirenti
698 1840 868 1904 fidelissimo
882 1841 989 1908 animo,
1006 1844 1040 1899 ut
1050 1837 1123 1898 mibi
1134 1835 1255 1914 quidem
1270 1836 1349 1896 usus

235 1937 292 1997 est,
309 1929 438 1989 narravit
454 1934 484 1988 te
498 1928 648 1990 interdum
666 1925 824 1988 sollicitum
839 1924 937 1986 solere
951 1939 1017 1984 esse
1027 1921 1245 1989 vehementium
1269 1918 1348 1998 quod

234 2013 333 2074 faeere
348 2029 409 2072 non
425 2012 516 2073 debes
530 2029 587 2072 nee
601 2012 753 2080 dubitare,
776 2011 848 2088 quin
862 2015 913 2069 aut
926 2007 1025 2086 aliqua
1047 2023 1082 2068 re
1099 2003 1218 2084 publiea
1239 2004 1280 2064 sis
1301 2004 1346 2064 lu·

235 2105 338 2164 turus,
356 2097 408 2173 qui
424 2094 606 2164 esse-debes,
624 2103 675 2157 aut
686 2093 802 2172 perdita
822 2110 883 2154 nou
897 2091 1054 2153 aliliotiore
1069 2090 1244 2151 oondioione
1257 2096 1347 2169 quam

234 2181 336 2240 ueteri.
359 2179 423 2240 Hoo
437 2197 508 2240 vero
524 2185 731 2258 tempusque
748 2178 906 2240 exanimati
922 2193 1025 2237 omnes
1039 2182 1069 2236 et
1083 2173 1220 2253 suspensi
1235 2189 1346 2241 sumus,

234 2264 294 2325 boo
308 2262 505 2325 moderatiore
527 2264 625 2325 animo
640 2264 720 2325 terre
739 2261 845 2331 debes,
869 2260 949 2339 quod
971 2267 1001 2321 et
1020 2261 1052 2320 iu
1075 2258 1150 2320 urbe
1166 2273 1201 2319 ea
1215 2275 1265 2327 es,
1298 2255 1349 2317 ubi
1416 2313 1422 2325 ,

235 2354 304 2409 nata
322 2355 351 2409 et
367 2347 424 2409 alta
442 2356 486 2409 est
499 2349 574 2409 ratio
590 2364 625 2409 ao
639 2347 802 2409 moderatio
819 2348 908 2415 vitae,
932 2352 961 2407 et
979 2344 1072 2412 babes
1095 2344 1160 2405 Ser.
1176 2341 1348 2421 Sulpicium,

236 2450 325 2511 quem
339 2450 457 2509 semper
471 2432 557 2493 unioe
575 2426 718 2500 dileristi,
734 2431 786 2508 qui
799 2438 831 2491 te
843 2430 978 2510 prolecto
995 2438 1024 2491 et
1040 2426 1244 2489 benevolentia
1259 2435 1289 2488 et
1303 2446 1349 2489 sa·

235 2517 346 2593 pientia
362 2515 546 2585 consolatur,
569 2517 654 2577 euius
671 2516 696 2575 si
716 2531 849 2575 essemus
869 2521 899 2574 et
919 2515 1123 2575 auctoritatem
1145 2517 1176 2574 et
1195 2513 1349 2573 eonsilium

204 2598 205 2603 ’
236 2601 345 2670 secuti,
371 2600 463 2677 togati
477 2601 576 2678 potius
590 2600 752 2677 potentiam
766 2615 855 2675 quam
866 2599 970 2659 armati
985 2599 1138 2660 victoriam
1157 2594 1349 2657 subissemus.

185 2694 211 2753 ·7
235 2683 293 2744 Sed
310 2683 383 2744 haec
399 2682 533 2760 longiora
549 2682 676 2744 leuasse
690 2681 826 2750 luerunt,
847 2699 937 2760 quam
951 2699 1074 2743 neeesse
1093 2682 1164 2748 luit;
1186 2679 1250 2749 illa,
1274 2697 1352 2758 quae

236 2768 347 2827 maiora
373 2772 455 2835 sunt,
478 2766 597 2828 brevius
626 2782 781 2845 exponam.
824 2765 888 2843 Ego
909 2765 1020 2836 babeo,
1045 2766 1093 2827 eui
1114 2764 1182 2844 plus
1199 2763 1352 2843 quamtibi

237 2850 371 2922 debeam,
386 2852 550 2921 nemiuem
573 2850 681 2929 quibus
692 2856 807 2911 tautum
818 2849 973 2927 debebam,
991 2854 1182 2929 quantumin
1203 2847 1349 2926 intelligis,

236 3082 331 3118 oerore
353 3082 383 3119 rr.
408 3064 452 3132 ὼ]
465 3084 500 3110 =
511 3067 557 3117 Du
576 3066 671 3119 darfst
689 3066 769 3119 nicht
819 3072 914 3133 regie,
930 3082 989 3117 was
1007 3064 1163 3132 geschelren
1181 3063 1234 3129 ist,
1251 3064 1351 3118 besos's

236 3131 431 3185 verzweiielm
819 3134 865 3186 ich
877 3129 1352 3197 lreineswegsdieGabederWeis·

271 3203 296 3251 5.
320 3197 470 3268 ueouooro]
489 3200 518 3252 S.
536 3216 561 3255 ι’.
578 3200 617 3253 11.
635 3204 677 3253 20.
695 3205 720 3255 1.
734 3228 769 3239 -
819 3216 944 3267 sagmg,
958 3197 1287 3252 sonderuicbffirobtete
1298 3215 1353 3251 ιιιιι·

236 3268 401 3335 Torquatus
425 3284 486 3319 war
509 3266 576 3320 eber
600 3267 642 3320 als
666 3267 768 3321 Cicero
821 3266 952 3322 ..rumai
976 3266 1013 3318 da
1036 3264 1095 3331 iob,
1120 3282 1204 3318 weuu
1227 3266 1273 3319 iob
1297 3268 1354 3319 deu

237 3352 273 3387 zu
290 3332 442 3401 Pompejns
467 3335 538 3387 naoh
558 3334 768 3387 Grieobeulaud
819 3334 903 3387 einen
920 3334 990 3385 oder
1006 3333 1062 3385 den
1085 3333 1194 3386 andern
1217 3334 1354 3401 Ausgeog

237 3402 770 3529 ttmttltrtttbltttttlttttl
819 3400 1024 3521 tltltttttt
1040 3400 1158 3521 'atltae
1180 3402 1352 3535 diffisi&

237 3535 293 3587 ibrn
317 3552 353 3587 zu
370 3536 475 3603 folgou.
487 3564 518 3573 -
531 3536 692 3603 eonsilium]
720 3537 772 3590 mit
821 3536 1015 3603 vorbersagen
1027 3485 1144 3589 {eunte

236 3603 293 3655 deu
310 3602 424 3655 Waffen
441 3618 531 3671 gagen
554 3604 600 3655 die
619 3604 771 3655 anzukdm-
856 3605 881 3654 6.
899 3602 1100 3671 Philargyrum]
1120 3601 1352 3669 Freigelasaeuer

236 3671 316 3737 pseu,
335 3668 379 3721 die
392 3670 773 3723 mitdemsobwerdtaniobt
822 3670 873 3725 des
908 3671 1083 3738 Torquatus.
1117 3698 1149 3707 -
1184 3670 1264 3723 olous
1287 3676 1329 3721 eat

237 3752 271 3787 au
284 3737 418 3804 besiegeu
429 3754 535 3791 waren.
547 3766 578 3775 -
591 3735 769 3805 confirmato]
822 3738 852 3790 S.
876 3754 901 3790 a.
925 3738 979 3790 III.
997 3741 1038 3788 16.
1055 3742 1081 3791 3.
1094 3765 1126 3775 —·
1140 3738 1239 3804 aliquo
1259 3754 1289 3788 re
1305 3754 1332 3803 p.

238 3802 297 3856 Ate.
312 3803 425 3884 uilia.
440 3808 466 3857 3.
485 3804 587 3856 Omitto
600 3805 651 3885 illu
664 3810 768 3871 veteru,
822 3820 901 3884 weron
925 3821 956 3885 ⁶⁸.
976 3804 1047 3855 noch
1072 3804 1154 3857 moero
1169 3804 1252 3858 Stuot
1268 3804 1352 3883 pebepr

237 3870 770 4006 tttttttt(tltttttttttt⁶tttt3
820 3872 1105 3991 tittttttttttt
1132 3872 1353 4006 illitati?

238 4005 372 4056 armavit:
395 4005 443 4056 ille
460 4006 581 4059 obaeratis
593 4007 623 4059 in
643 4008 770 4059 omnibuo
820 4004 1353 4073 losophiewarvonSokratesuudsei·

238 4070 355 4122 adiutor
365 4079 414 4125 oet.
428 4100 460 4109 ·-
474 4074 507 4125 de
518 4075 580 4125 iure
591 4073 768 4193 publieuhs.
820 4090 875 4125 nen
891 4072 1028 4126 Sobfileru
1040 4074 1220 4142 ausgebildet
1229 4072 1354 4127 worden.

238 4135 290 4216 Ill.
303 4141 347 4216 bt.
359 4142 383 4190 3.
399 4166 426 4175 -
442 4138 537 4205 Neque
550 4156 598 4205 ego
615 4140 682 4207 eto]
735 4158 768 4193 er
818 4138 1353 4207 -topatqsacaesarismalliana.

235 4204 309 4255 sinn
321 4209 373 4263 ist:
397 4204 447 4257 Ala
464 4206 508 4257 ioh
524 4206 629 4261 daruals
646 4224 767 4263 vorans·
887 4212 913 4262 7.
935 4206 1129 4274 moioro].die
1146 4207 1354 4275 Begnadiguog
