3000 4650
532 293 925 352 rrouromusnrrrcos
1244 285 1286 353 85

169 464 242 519 runt
252 457 308 520 HS.
324 459 427 527 vicies3
448 466 548 521 cetera
563 459 644 521 valde
658 457 853 521 iiliberaliter:
873 457 1070 519 Tusculanam
1091 457 1187 518 villam
1200 460 1284 538 quin·

172 544 267 621 gentis
278 541 404 612 milibus,
421 541 611 604 Formianum
620 544 678 605 HS.
686 544 819 605 ducentis
834 544 1043 622 quinquaginta
1059 541 1186 605 milibus.
1204 542 1285 615 Quae

170 627 333 688 aestimatio
353 645 414 686 non
434 627 523 689 modo
542 628 733 690 vehementer
752 627 789 688 ah
812 630 922 705 optimo
945 644 1077 705 quoqne,
1098 627 1250 689 sedetiam
1268 645 1284 688 a

169 710 257 791 plebe
274 711 512 790 reprehenditur.
552 711 651 783 Dices,
674 713 745 792 quid
767 713 855 790 igitur
872 729 978 773 causae
1002 711 1074 772 fuit?
1112 710 1218 772 Dicunt
1240 710 1285 772 illi

170 795 306 875 quidem,
327 795 473 874 pudorem
486 815 596 866 meum,
617 797 697 874 quod
711 814 808 876 neque
823 797 957 874 negarim
972 812 1068 876 neque
1083 795 1284 858 vehementius

169 879 353 958 postularim.
388 881 447 942 Sed
466 899 527 941 non
549 888 593 943 est
613 882 657 950 id;
682 898 752 942 nam
776 881 833 941 hoc
860 879 979 959 quidem
1006 881 1092 941 etiam
1116 881 1283 957 profuisset.

170 964 279 1025 Verum
293 964 390 1034 iidem,
405 967 447 1025 mi
462 965 496 1025 Τ.
515 965 668 1043 Pomponi,
681 964 781 1035 iidem,
798 967 926 1044 inquam,
941 962 992 1034 illi,
1012 983 1090 1044 quos·
1104 982 1141 1026 ne
1166 972 1199 1025 tu
1220 967 1284 1044 qui·

170 1049 236 1109 dem
255 1051 383 1125 ignoras,
400 1050 450 1128 qui
464 1048 537 1110 mihi
557 1051 662 1128 pinnas
680 1049 859 1118 inciderant,
884 1049 990 1110 nolunt
1013 1049 1132 1110 easdem
1156 1052 1282 1110 renasci.

169 1133 235 1203 Sed,
247 1140 281 1192 ut
292 1150 389 1211 spero,
405 1135 464 1194 iam
479 1141 684 1195 renascuntur.
705 1133 752 1194 'l'u
764 1132 901 1194 modoad
915 1151 970 1193 nos
983 1135 1067 1201 veni;
1083 1134 1162 1212 quod
1178 1151 1283 1195 vereor

168 1234 206 1277 ne
220 1216 333 1279 tardius
347 1218 513 1279 interventu
528 1218 668 1279 Varronis
688 1221 730 1280 tui
744 1219 896 1296 nostrique
911 1217 1008 1278 iacias.
1038 1215 1199 1287 Quoniam,
1215 1225 1279 1278 acta
1301 1225 1320 1286 6

169 1318 244 1379 quae
259 1302 331 1369 sint,
347 1301 453 1372 hahes,
471 1302 507 1363 de
521 1301 635 1383 reliqua
650 1310 750 1363 nostra
770 1304 946 1380 cogitatione
963 1319 1118 1380 cognosce.
1153 1302 1216 1380 Ego
1235 1321 1284 1364 me

167 1386 308 1463 Pompeio
324 1385 417 1462 legari
429 1388 468 1448 ita
485 1404 551 1447 sum
565 1405 685 1464 passus,
705 1395 739 1447 ut
761 1386 841 1448 nulla
862 1405 895 1448 re
915 1386 1085 1465 impedirer.
1123 1387 1208 1458 Quod
1228 1388 1284 1448 nisi

167 1468 272 1531 vellem
287 1469 359 1530 mihi
374 1478 452 1532 esset
466 1473 629 1548 integrum,
646 1479 696 1541 ut,
721 1473 747 1532 si
762 1472 876 1532 comitia
895 1489 1050 1532 censorum
1068 1473 1194 1548 proximi
1215 1488 1284 1532 con-

168 1554 247 1616 sules
271 1553 429 1626 haberent,
458 1562 606 1633 peterem,
625 1547 895 1635 possem'votivam
921 1553 1098 1631 legationem
1119 1557 1283 1633 suscepisse

170 1655 264 1717 prope
280 1641 410 1713 omnium
427 1639 573 1711 fanorum,
590 1639 742 1708 lucorum3
760 1642 801 1700 sic
818 1641 895 1700 enim
918 1645 1035 1700 nostrae
1050 1640 1188 1709 rationes
1205 1639 1283 1700 utili-

166 1730 242 1784 tates
256 1741 340 1784 meae
355 1724 551 1802 postrdahant.
589 1724 648 1785 Sed
667 1723 747 1785 volui
765 1742 864 1786 meam
883 1729 1057 1802 potestatem
1079 1741 1144 1784 esse
1168 1722 1212 1784 vel
1232 1742 1282 1802 pe·

167 1807 249 1869 tendi
265 1807 312 1867 vel
329 1809 449 1870 ineunte
463 1815 573 1870 aestate
588 1809 729 1878 exeundi;
747 1816 776 1870 et
793 1811 906 1870 interea
926 1827 975 1869 me
997 1825 1062 1869 esse
1081 1809 1113 1868 in
1128 1807 1221 1869 ocutis
1241 1810 1281 1868 oi·

166 1893 246 1953 dum
261 1892 298 1952 de
313 1910 361 1952 me
379 1894 489 1970 optime
503 1895 678 1954 meritorum
692 1910 752 1953 non
769 1893 895 1954 alienum
917 1894 1024 1972 putavi.
1056 1893 1098 1953 dc
1117 1893 1273 1953 forensium

169 1976 286 2054 quidem
304 1991 406 2038 rerum
420 1976 494 2039 haee
508 1985 608 2038 nostra
621 1976 741 2040 consilia
753 1986 831 2047 sunt,
848 1978 1075 2044 domesticarum
1088 1987 1186 2038 autem
1197 1976 1281 2038 valde

167 2061 314 2138 impedita.
352 2061 463 2123 Domus
478 2061 656 2123 aedificatur.
697 2062 770 2132 Seis,
786 2080 846 2141 quo
864 2070 992 2141 sumptu,
1008 2075 1065 2141 qna
1085 2061 1218 2122 molestia
1234 2079 1282 2122 re·

166 2145 282 2205 finiatur
296 2144 502 2213 Formianum,
526 2147 604 2225 quod
620 2163 675 2224 ego
692 2164 749 2207 nec
764 2145 933 2226 relinquere
952 2163 1073 2224 possum
1096 2163 1153 2206 nec
1173 2145 1282 2207 videre.

166 2228 367 2290 Tusculanum
393 2231 568 2308 prescripsi,
596 2229 767 2291 suhnrhano
789 2247 850 2291 nou
877 2229 959 2291 iaeile
980 2248 1077 2291 careo.
1112 2231 1282 2291 Amicorum

166 2311 332 2390 benignitas
347 2313 487 2375 exhausta
502 2319 546 2375 est
559 2315 590 2375 in
604 2332 638 2376 ea
653 2333 695 2384 re,
712 2333 788 2394 quae
804 2314 876 2376 nihil
895 2315 997 2376 hahuit
1008 2324 1126 2393 praeter
1137 2314 1280 2393 dedeous;

167 2396 247 2474 quod
264 2398 380 2458 sensisti
398 2405 432 2458 tu
447 2398 561 2467 absens,
579 2404 765 2477 praesentes,
783 2418 909 2480 quorum
930 2400 1032 2460 studiis
1053 2416 1107 2478 ego
1131 2409 1159 2461 et
1179 2400 1280 2478 copiis,

166 2481 192 2539 si
207 2488 284 2540 esset
304 2498 359 2558 per
373 2498 455 2541 meos
470 2482 640 2543 defensores
655 2482 782 2554 licitum,
803 2483 887 2546 facile
910 2502 1005 2546 essem
1024 2487 1121 2545 omnia
1142 2501 1283 2545 consecu-

167 2569 225 2624 tus
259 2564 324 2636 Quo
339 2566 370 2624 in
384 2570 493 2642 genere
508 2583 587 2627 nune
600 2568 791 2629 vehementer
807 2567 967 2630 laboratur.
1003 2567 1116 2638 Cetera,
1137 2587 1213 2648 quae
1233 2584 1281 2631 me

169 2645 335 2717 sollicitant,
352 2642 556 2729 μυστικώτερα
571 2659 648 2713 sunt.
680 2652 822 2713 hmamur
838 2671 854 2713 a
874 2653 965 2714 fratre
984 2660 1013 2713 et
1034 2652 1132 2714 afilia.
1168 2653 1211 2714 Te
1231 2671 1281 2714 ex-

166 2740 343 2811 spectamus.

166 2915 329 2986 Aussprnch
347 2917 398 2969 der
411 2917 699 2988 Sachverstaindigen.
750 2938 814 2985 sen,
828 2920 885 2973 und
898 2919 969 2974 doch
982 2920 1011 2972 in
1024 2920 1113 2973 einem
1126 2922 1281 2987 Zustende,

164 3010 199 3020 —
222 3000 304 3036 ne-
325 2984 445 3052 quidem]
469 2987 541 3039 oracla
563 2988 648 3040 nicht.
665 3016 698 3025 -
750 2989 816 3041 dass
841 3006 873 3041 er
896 3005 926 3042 cs
950 2988 1029 3041 nicht
1052 2988 1137 3041 sehon
1161 2989 1279 3042 moehte.

165 3051 326 3105 interventu
341 3053 489 3120 Varronis]
504 3054 564 3123 der,
578 3054 633 3107 wie
646 3071 697 3108 aus
750 3057 808 3108 Das
832 3055 1025 3109 Tusculanum
1048 3056 1128 3109 hatte
1157 3073 1188 3109 er
1217 3074 1279 3109 anm

166 3119 350 3173 deuWorten
363 3120 468 3174 hervet
488 3121 550 3188 eht,
563 3122 610 3175 hei
623 3122 698 3175 Atti·
748 3124 894 3177 Verkaufe
920 3124 1094 3191 'anschlagon
1117 3124 1222 3177 lassen.
1246 3152 1279 3162 -

167 3201 216 3237 cus
229 3187 259 3237 in
271 3187 380 3257 Epirus
393 3205 456 3241 zum
468 3138 578 3242 {esech
591 3208 662 3242 wer.
748 3191 926 3258 suburbano]
944 3191 1006 3243 weil
1022 3208 1050 3242 es
1068 3192 1110 3243 hei
1130 3194 1180 3244 der
1197 3193 1268 3245 stad

200 3255 224 3302 6.
243 3254 349 3321 lepori]
360 3256 425 3322 Vgi.
444 3256 474 3308 d.
490 3274 552 3310 vor.
570 3258 620 3310 Br.
637 3261 654 3321 S
669 3262 694 3310 3.
748 3259 828 3325 lieet,
848 3259 976 3311 enthehre
992 3259 1077 3310 ichen
1088 3260 1189 3325 Jedoch
1202 3260 1267 3312 nich

119 3348 127 3363 ·
169 3344 197 3354 -
220 3319 391 3387 Quodnisi]
413 3323 569 3377 s.z.1.1.
589 3328 613 3378 1.
641 3325 697 3378 Die
747 3343 825 3392 pern.
857 3326 958 3379 Cicero
976 3326 1083 3379 behielt
1100 3344 1130 3378 es
1148 3326 1229 3378 auch.
1246 3356 1279 3364 -

166 3400 256 3451 ganza
274 3386 364 3439 scelte
387 3389 427 3441 ist
451 3390 522 3443 nach
539 3392 696 3444 Hofmanns
747 3396 779 3444 in
792 3393 841 3460 ea]
853 3393 954 3446 Cicero
963 3394 1052 3446 meiat
1061 3392 1107 3445 die
1116 3393 1260 3446 Bezahlun

166 3454 385 3521 Verbesserung
397 3472 431 3521 ge
452 3459 532 3510 eben.
556 3458 697 3511 DerSinn
748 3461 800 3513 der
813 3460 1156 3528 Gladiatoren-Banden,
1171 3460 1217 3514 dio
1229 3478 1280 3529 ge-

165 3520 218 3572 ist:
233 3521 326 3573 Wenn
339 3521 384 3574 ich
396 3522 443 3573 nie
463 3525 695 3591 tgewottthatte,
748 3545 803 3595 gen
812 3527 859 3580 die
869 3527 1277 3597 desClodiusgedungenwor-

167 3588 233 3641 dass
251 3606 280 3641 es
300 3589 354 3641 mir
371 3590 430 3641 frei
446 3592 540 3657 stehe,
560 3592 631 3645 mich
651 3610 696 3645 urn
749 3596 804 3647 den
820 3601 956 3647 mussten.
977 3622 1006 3635 -
1028 3595 1205 3663 praesentes]
1228 3597 1279 3649 ha-

166 3655 213 3707 die
223 3655 332 3709 Oenaur
344 3674 379 3710 zu
392 3659 561 3723 bewerben,
575 3676 605 3713 so
618 3659 697 3713 ottae
747 3663 803 3714 ben
817 3680 846 3715 es
859 3662 905 3715 die
922 3680 964 3715 em
986 3663 1107 3729 funden,
1126 3665 1215 3717 durch
1232 3665 1278 3718 die

166 3722 288 3777 ieheine
301 3725 403 3790 lenutio
416 3726 580 3791 votiva(um
589 3726 697 3780 Golfih-
746 3729 792 3781 ioh
819 3729 907 3783 leioht
933 3680 1028 3783 vahlen
1053 3731 1277 3787 Schadenorsotz

166 3791 200 3843 de
217 3791 407 3871 nuneriidlen)
426 3810 626 3861 arigenommen
646 3794 696 3847 ha·
745 3797 824 3851 h'a'tte
842 3798 978 3867 erlangen
994 3798 1117 3854 kdnnen.
1132 3827 1167 3838 -
1183 3801 1279 3919 desen-

164 3859 220 3920 ben
232 3859 344 3911 konnen
356 3861 415 3913 fast
426 3862 496 3914 nach
506 3861 600 3929 jedem
611 3862 696 3915 Tem-
746 3864 839 3931 sores]
863 3866 888 3919 d.
913 3866 939 3921 h.
963 3865 1145 3934 Diejenigen‚
1170 3886 1213 3919 wo
1227 3869 1277 3921 ohe

164 3925 228 4044 8013
252 3926 327 3979 deun
345 3944 376 3979 so
395 3929 524 3981 mnehten
542 3946 573 3982 es
591 3945 695 3983 urrsere
747 3932 1276 4001 siahitirsodchenurgum-poan-

188 3993 254 4073 hine
270 3994 328 4047 und
346 3994 421 4047 mein
434 3996 549 4064 eigener
562 3998 693 4052 Vorthoil
746 3996 874 4067 κώτερα]
892 4000 966 4053 Dnss
984 4000 1021 4053 im
1039 4002 1205 4069 Folgendan
1222 4019 1276 4054 nur

163 4061 433 4116 wunscheuswerth.
444 4064 520 4117 Abor
528 4065 573 4116 ich
585 4065 692 4132 welhe,
744 4068 857 4121 Brnder
867 4068 1056 4121 nndTochter
1065 4070 1275 4122 erwdhntwer-

166 4127 692 4200 dasaeainmeinerHandligeu.s.w.
746 4135 816 4201 den,
846 4135 918 4188 ldast
941 4136 994 4188 aut*
1014 4136 1061 4188 ein
1085 4136 1275 4189 Zarwiarfniss

199 4200 222 4249 7.
239 4214 289 4250 nea
306 4237 312 4248 .
333 4235 340 4250 .
358 4198 467 4266 videre]
486 4198 544 4252 Das
556 4201 618 4252 Gnt
632 4218 694 4253 war
745 4203 797 4255 mit
808 4202 947 4256 Terentia
959 4202 1122 4257 schliessen.

113 4346 117 4353 Ι
164 4260 220 4314 ihm
233 4264 351 4335 zulich,
371 4282 414 4318 am
431 4283 461 4319 es
479 4266 581 4320 iahren
593 4268 696 4321 zulas-
944 4296 1079 4309 -—--—
