3000 4650
117 269 121 346 fi
218 265 283 331 202
527 232 531 240 ’
599 271 659 327 ιιι.
674 271 726 326 ιιι.
742 269 844 325 mrsu.
862 273 903 325 ao.
919 274 961 324 ιι.

222 445 319 496 tamen
333 434 369 493 ad
385 453 452 495 eum
466 435 609 499 Furnium
625 442 760 495 nostrum
771 452 842 494 cum
857 433 1000 493 mandatis
1015 431 1177 511 litterisque
1198 433 1280 500 misi,
1305 434 1330 492 si

176 528 202 588 5
225 519 294 596 quid
311 518 387 578 iurte
402 519 549 596 proficere
564 526 672 597 posset.
706 520 770 578 Scis
783 528 830 585 tu,
847 520 887 577 mi
905 517 1021 585 Cicero,
1043 516 1121 593 quud
1146 516 1182 576 ad
1198 515 1332 576 Caesaris

221 619 353 663 amorem
368 603 484 669 attinet,
500 604 669 663 societatem
682 602 754 661 mihi
768 619 833 662 esse
848 609 960 667 tecum;
981 600 1026 660 vel
1042 601 1120 677 quod
1137 602 1167 659 in
1180 600 1330 660 familiari-

221 694 280 747 tate
296 685 442 754 Caesaris,
459 687 521 746 vivo
536 685 599 755 illo,
615 688 675 746 iam
689 688 766 745 tueri
782 704 849 745 eum
865 693 894 745 et
908 684 1029 759 diligere
1041 684 1094 743 tuit
1108 684 1182 743 mihi
1194 701 1329 752 necesse;

154 837 159 846 ¹
221 769 267 830 vel
281 769 360 847 quod
375 770 452 846 ipse,
479 770 575 846 quoad
592 787 646 847 ego
662 787 749 828 nosse
765 771 861 846 potui,
884 768 1109 828 moderatissimi
1124 774 1212 846 atque
1226 768 1329 827 huma·

221 853 334 913 nissimi
362 853 417 913 tuit
442 870 561 921 sensus;
589 852 633 914 vel
661 852 738 932 quud
767 871 803 913 ex
823 860 882 911 tam
901 853 1009 928 insigni
1023 852 1148 911 amicitia
1163 869 1229 912 mea
1244 860 1331 929 atque

223 936 355 998 Caesaris
383 936 462 998 hunc
486 936 539 997 filii
564 936 630 997 loco
651 946 681 997 et
696 934 774 996 illius
789 944 818 997 et
835 943 931 997 vestro
945 936 1053 996 iudicio
1067 934 1257 1004 substitutum
1271 952 1331 994 nun
1358 953 1363 979 ι

176 1024 201 1084 d
221 1020 347 1100 proinde
363 1019 474 1081 hahere
488 1030 576 1098 turpe
590 1020 662 1081 mihi
671 1020 794 1080 videtur.
826 1020 898 1090 Sed,
920 1019 1128 1097 quidquidtibi
1144 1018 1256 1087 scriho,
1279 1018 1338 1077 do··

221 1103 316 1165 lenter
336 1103 506 1165 mehercule
526 1106 619 1181 magis
649 1121 737 1183 quam
752 1105 868 1164 inimice
890 1104 975 1163 facio.
1007 1101 1090 1183 Quod
1106 1104 1173 1162 vivit
1188 1103 1332 1162 Antonius

221 1185 323 1254 hodie,
350 1187 429 1265 quod
443 1186 571 1264 Lepidus
591 1204 650 1248 una
665 1195 723 1254 est,
746 1188 826 1265 quud
842 1188 986 1248 exercitus
1001 1186 1111 1247 hahent
1125 1202 1186 1245 non
1201 1192 1333 1246 contem·

221 1271 352 1338 nendos,
377 1269 456 1347 qued
481 1277 618 1347 sperant,
645 1270 724 1347 quod
742 1272 867 1340 audent,
882 1289 970 1331 omne
985 1269 1101 1331 Caesari
1117 1277 1269 1347 acceptum
1284 1287 1333 1330 re·

221 1356 301 1415 serre
315 1360 448 1431 possunt.
479 1353 579 1432 Neque
596 1371 650 1431 ego
665 1356 819 1432 superiora
833 1364 980 1434 repetam:
1003 1354 1057 1415 sed
1075 1372 1112 1413 ex
1132 1371 1168 1413 eo
1188 1362 1332 1432 tempore,

222 1455 282 1517 quo
298 1436 445 1514 ipsemihi
459 1437 611 1516 protessus
626 1444 714 1499 estse
729 1440 845 1507 venire,
871 1439 897 1498 si
916 1439 1017 1498 venire
1035 1437 1190 1506 voluisset,
1216 1445 1266 1497 aut
1280 1445 1333 1514 op·

221 1534 357 1600 pressum
374 1522 433 1580 iarn
447 1519 557 1581 hellum
574 1529 651 1582 esset
666 1531 715 1582 aut
731 1523 763 1581 in
778 1523 992 1583 aversissimam
1010 1521 1067 1581 illis
1079 1521 1248 1598 Hispaniam
1265 1538 1333 1581 curn

222 1605 397 1666 detrimento
412 1622 514 1664 eorum
530 1607 658 1665 maximo
676 1614 838 1667 extrusum.
863 1604 946 1675 Quae
957 1622 1041 1666 mens
1052 1623 1133 1673 eum,
1144 1613 1195 1664 aut
1206 1621 1332 1681 quorum

222 1688 343 1749 consilia
358 1707 374 1748 a
389 1696 469 1748 tanta
484 1687 590 1768 gloria,
608 1688 664 1749 sihi
677 1708 748 1750 vero
764 1692 851 1750 etiam
875 1690 1040 1750 necessaria
1058 1706 1092 1748 ac
1109 1688 1245 1756 salutari,
1264 1706 1334 1747 avo·

223 1774 318 1833 carint
334 1781 362 1832 et
379 1772 415 1831 ad
430 1774 634 1849 cogitationem
650 1774 819 1834 consulatus
836 1772 984 1834 bimestris
1004 1789 1119 1832 summo
1135 1790 1202 1832 cum
1217 1780 1333 1832 terrore

222 1857 376 1917 hominum
390 1863 420 1916 et
433 1855 543 1916 insulsa
564 1873 631 1915 cum
652 1856 859 1933 efflagitatione
873 1854 1091 1923 transtulerint,
1115 1864 1257 1934 exputare
1270 1859 1333 1914 *non

178 1952 201 2009 7
224 1957 353 2018 possum.
387 1938 510 1999 Multum
525 1940 554 1998 in
569 1938 626 2000 hac
641 1959 674 2000 re
689 1941 762 2000 mihi
777 1941 912 2000 videntur
929 1941 1087 2018 necessarii
1098 1941 1162 2000 eius
1177 1940 1264 2000 atrei
1278 1956 1332 2015 pu-

222 2024 316 2084 blicae
330 2030 359 2083 et
372 2023 463 2100 ipsius
479 2040 565 2082 eausa
580 2025 725 2099 proficere
737 2041 839 2102 posse;
855 2023 1030 2101 plurimum,
1053 2030 1086 2083 ut
1102 2025 1190 2099 puto,
1212 2031 1245 2083 tu
1258 2040 1332 2102 qno·

222 2126 294 2187 que,
311 2107 394 2168 cuius
407 2105 456 2167 ille
473 2114 552 2167 tanta
566 2109 670 2168 merita
686 2107 788 2178 habet,
809 2116 917 2185 quanta
933 2124 1019 2167 uerno
1033 2113 1152 2183 praeter
1167 2124 1230 2174 me3
1256 2123 1333 2165 nun·

223 2208 312 2268 quam
330 2192 407 2251 enirn
427 2188 582 2278 obliviscar
604 2192 729 2251 maxima
749 2209 784 2251 ac
806 2191 931 2268 plurima
947 2208 994 2251 me
1011 2189 1063 2250 tihi
1080 2189 1198 2251 dehere.
1231 2189 1273 2250 De
1287 2189 1333 2249 his

222 2273 314 2336 rebus
329 2282 361 2334 ut
375 2275 505 2352 exigeret
519 2292 586 2334 curn
602 2293 653 2344 eo,
668 2274 781 2335 Furnio
796 2274 940 2335 mandavi.
969 2273 1094 2345 Quodsi,
1119 2282 1257 2352 quantam
1281 2272 1332 2333 de·

111 2429 118 2437 ⁸
224 2359 296 2429 heo,
323 2357 456 2418 habuero
479 2359 557 2436 apud
582 2377 651 2419 eum
675 2360 892 2427 auctoritatem,
918 2357 1078 2435 plurimum
1102 2360 1199 2435 ipsum
1220 2359 1333 2418 iuvere.

179 2447 205 2509 8
227 2442 287 2504 Nos
302 2443 414 2503 interea
430 2442 552 2503 duriore
564 2442 737 2503 condicione
749 2442 860 2503 bellum
871 2443 1061 2511 sustinemus,
1079 2442 1157 2519 quod
1172 2458 1268 2519 neque
1284 2460 1335 2501 ex-

224 2525 435 2605 peditissimam
454 2526 670 2586 dimicationem
688 2534 826 2604 putamus
841 2542 937 2604 neque
950 2534 1049 2585 tamen
1064 2524 1237 2602 relugiendo
1253 2542 1335 2584 cum-

223 2610 343 2670 missuri
362 2626 478 2677 sumus,
498 2617 532 2669 ut
550 2610 644 2669 maius
658 2608 867 2669 detrimentum
882 2626 931 2668 res
945 2608 1063 2686 publica
1080 2611 1215 2687 accipere
1231 2609 1333 2686 possit.
1393 2644 1397 2649 ·

223 2693 334 2764 Quodsi
348 2700 397 2752 aut
415 2693 521 2753 Caesar
540 2707 571 2752 se
586 2693 750 2769 respexerit
762 2699 813 2752 aut
827 2693 982 2753 Africanae
996 2690 1129 2770 legiones
1140 2691 1275 2752 celeriter
1286 2710 1334 2752 ve·

221 2778 332 2848 nerim,
351 2792 473 2837 securus
487 2793 539 2835 vos
556 2775 593 2835 ah
606 2775 665 2866 lrac
678 2783 763 2854 parte
779 2776 948 2837 reddemus.
973 2776 1033 2845 Tu,
1059 2783 1092 2837 ut
1106 2776 1269 2845 instituisti,
1286 2792 1335 2835 me

258 2946 284 2994 5.
313 2942 405 2994 societ.
429 2959 464 2993 m.
488 2959 511 2991 e.
533 2941 642 3006 tecum]
674 2939 755 2993 Auch
805 2939 1168 3009 wdreipai.—dimcatris]
1183 2940 1334 2993 Eswaren

223 3008 325 3060 Cicero
338 3009 415 3060 hatte
425 3007 553 3060 Beweise
563 3008 657 3060 seiner
666 3008 756 3060 Liebe
806 3009 961 3075 allerdings
979 3008 1055 3060 mehr
1073 3006 1114 3058 als
1131 3007 1202 3059 zwei
1219 3007 1335 3059 Monate

223 3092 258 3127 au
271 3074 413 3127 Octavian
425 3076 672 3155 gegeben.-fam.
684 3076 754 3127 Cae·
806 3094 869 3130 vom
881 3076 899 3128 J
901 3075 968 3129 ahre
980 3073 1050 3125 noch
1063 3073 1155 3139 tibrig,
1169 3073 1216 3124 fair
1228 3073 1336 3125 welche

218 3141 313 3207 auris]
339 3141 366 3192 d.
385 3141 404 3194 i.
422 3141 491 3193 Iulri
509 3141 655 3194 Caesaris.
670 3170 705 3192 .-
722 3159 755 3194 ex
807 3142 948 3196 Octavian
958 3141 1028 3193 nach
1040 3140 1187 3192 deruTode
1198 3139 1334 3191 derOoss.

224 3207 295 3274 tam]
308 3225 409 3274 wagan.
419 3209 483 3275 vgt.
492 3209 755 3263 elaea-tutas
807 3210 858 3262 das
871 3207 1011 3261 consulat
1027 3206 1155 3259 erhalteu
1168 3206 1265 3259 wollte
1278 3207 1336 3258 und

226 3283 253 3326 et
269 3283 360 3326 uestro
375 3275 453 3342 iud]
480 3276 587 3328 Caesar
603 3275 681 3329 hatte
699 3277 755 3329 den
806 3277 843 3328 itu
860 3277 972 3341 August
988 3274 1125 3339 erlangte.
1149 3275 1232 3326 ‘Aher
1248 3273 1335 3325 Plan-

220 3342 366 3395 Octuvian
383 3343 511 3411 adoptirt
529 3342 757 3396 unddieOomi-
808 3359 856 3395 cus
880 3341 977 3393 wollte
1000 3341 1045 3393 dia
1075 3340 1169 3393 Kfirze
1197 3341 1248 3394 der
1272 3340 1337 3392 Zeit

217 3410 757 3479 tienhattendieAdoptionbestitigt.
808 3409 884 3461 mehr
914 3408 1122 3460 hervorhehen.
1156 3435 1189 3445 -
1223 3408 1334 3459 insulsa

256 3480 280 3527 6.
308 3483 449 3543 acceptum
472 3476 545 3543 rofi]
565 3478 757 3537 zusctreitee.
806 3495 828 3527 c.
847 3474 919 3542 effh]
946 3476 1086 3528 Octavian
1106 3474 1205 3526 rriclrte
1218 3474 1268 3527 mit
1279 3473 1336 3526 aei-

222 3571 256 3581 -
284 3542 362 3609 illis]
399 3545 540 3596 Antonius
569 3545 628 3596 und
656 3544 756 3597 acinon
806 3542 1243 3610 nenLegionanvordieStadt.

222 3608 404 3678 Anhingern.
419 3640 421 3644 v
438 3613 469 3663 In
490 3611 649 3678 Hispanien
675 3611 755 3663 hatte
840 3616 865 3663 7.
887 3618 972 3663 tantu
990 3607 1106 3674 merita]
1133 3608 1234 3660 Cicero
1258 3607 1337 3659 hatte

218 3678 269 3730 -die
279 3678 508 3746 Pompejauische
517 3678 615 3729 Partei
625 3693 667 3728 aru
676 3677 757 3744 ling·
805 3679 914 3743 immor,
924 3676 1080 3729 besonders
1092 3675 1120 3725 in
1134 3677 1189 3727 den
1201 3675 1269 3743 phil.
1281 3675 1336 3727 ne·

224 3751 288 3796 atera
318 3744 425 3797 Caesar
454 3744 666 3796 widerstanden
696 3745 755 3796 unrl
807 3746 875 3811 den,
902 3745 947 3796 die
971 3743 1137 3795 Interessen
1161 3743 1211 3794 des
1228 3743 1336 3809 jungen

221 3810 295 3863 auch
310 3811 384 3876 jetzt
398 3811 476 3863 hatte
493 3810 539 3863 die
561 3810 754 3879 republicuni-
806 3813 925 3866 Menneu
948 3817 1105 3862 vertreteu.
1136 3836 1168 3846 -
1198 3807 1333 3875 exigeret]

218 3878 289 3930 ⁴ache
301 3877 400 3930 Partei
413 3878 478 3930 dort
494 3894 612 3944 grossen
625 3878 753 3947 Anhang.
805 3879 925 3945 Exigere
946 3876 1037 3945 gleiah
1063 3893 1144 3943 agere
1167 3876 1257 3929 findet
1277 3875 1336 3928 sich

223 3943 312 3997 Hdtte
325 3944 467 3997 Octavian
480 3947 530 3998 ruit
538 3945 574 3996 D.
582 3944 689 3998 Brutus
699 3946 755 3998 den
804 3946 854 3999 bei
865 3945 968 3997 Cicero
980 3943 1068 3996 nicht.
1084 3970 1119 3983 -
1130 3945 1265 3998 habuero.
1276 3943 1337 3996 ,iu-

223 4010 365 4063 Antonius
382 4012 524 4078 veriolgt‚
549 4030 579 4063 so
595 4012 674 4064 hitte
691 4030 755 4065 man
806 4009 1114 4080 veru]8.z.ll.12.2.

220 4077 279 4129 den
303 4077 395 4131 seint
418 4078 505 4131 leicht
534 4079 605 4131 uach
628 4080 755 4148 Spanien
840 4083 864 4134 8.
883 4076 1088 4145 serespexerii]
1108 4080 1165 4142 auf
1176 4077 1234 4128 siclt
1246 4075 1338 4127 Rriclr-

220 4143 475 4211 treibaukiinnen‚
499 4164 542 4197 wo
568 4164 599 4196 er
622 4146 754 4198 sarlaten
807 4146 1021 4209 chlotachariae,
1039 4145 1099 4197 di.
1118 4145 1212 4195 acinon
1224 4142 1338 4196 wahren

222 4227 356 4278 gewesen
368 4212 454 4268 wire.
473 4240 505 4252 -
522 4211 589 4277 eibi]
617 4212 755 4279 riehtiger
810 4213 932 4266 Vortheil
944 4214 1081 4264 erlenaen
1094 4212 1172 4262 wird.
