3000 4650
222 206 283 298 126
601 235 954 295 immensus-10.

176 411 197 474 3
219 403 300 466 llaec
314 405 405 482 igitur
425 410 471 464 est
485 420 565 464 nunc
584 403 643 463 vita
665 407 781 464 nestra:
803 417 891 464 marre
910 398 1072 462 salutamus
1094 399 1175 460 domi
1192 405 1222 461 et
1243 399 1339 462 bonos

219 490 299 549 viros
315 486 424 548 multos
437 487 488 548 sed
501 487 608 554 tristes,
627 494 656 548 et
666 485 721 546 hos
732 485 825 546 laetos
835 486 969 554 victores,
987 485 1037 564 qui
1047 502 1096 545 me
1107 481 1225 562 quidem
1238 483 1338 562 peroi-

219 572 322 633 ficiose
336 581 366 632 et
381 578 571 649 peramanter
585 569 753 631 observant.
785 567 842 630 Ubi
857 568 992 630 salutatio
1008 567 1144 637 defluxit,
1167 565 1276 629 litteris
1290 585 1339 628 me

220 653 352 724 involem
370 662 421 716 aut
433 654 535 716 scribo
549 663 601 716 aut
614 653 688 732 lego.
722 651 850 714 Veniunt
866 655 968 721 edam,
987 653 1039 731 qui
1052 670 1101 712 me
1115 650 1239 713 audiunt
1255 651 1339 732 quasi

222 740 342 801 doctum
357 739 518 808 hominem,
533 739 602 818 quia
617 737 716 816 perillo
730 755 797 798 sum
809 751 899 814 quam
908 737 966 816 ipsi
979 735 1103 797 doctior.
1132 734 1205 796 Inde
1218 735 1340 815 corpori

221 839 310 885 omne
321 830 443 901 tempus
455 821 555 883 datur.
587 821 717 882 Patriam
732 819 811 882 eluxi
829 822 887 882 iam
903 825 933 882 et
950 821 1066 900 grauius
1081 824 1110 880 et
1126 819 1237 880 diutins
1251 834 1339 899 quam

220 905 279 968 ulla
296 914 392 968 mater
409 907 534 967 unicum
555 905 659 966 tilium.
671 905 757 966 used
777 921 865 974 cura,
891 906 979 965 sime
1002 919 1096 974 amas,
1120 910 1152 964 ut
1168 902 1278 974 valeas,
1299 919 1338 962 ne

219 1006 277 1135 {go
291 998 322 1051 te
335 993 450 1052 iacente
463 986 542 1051 bona
558 997 608 1051 tua
625 989 781 1050 comedim.
813 989 909 1050 Statui
923 989 1002 1050 enim
1017 987 1069 1048 tihi
1084 1003 1122 1049 ne
1137 994 1260 1065 aegroto
1274 989 1339 1066 qui·

241 1093 288 1136 om
304 1091 438 1152 parcere.

625 1236 806 1302 umanum
818 1230 935 1302 VIIII.

660 1357 776 1418 clusus
790 1355 907 1417 PAETO.

305 1493 379 1554 lieri
395 1495 463 1554 veni
475 1493 506 1554 in
521 1491 699 1561 Cummum,
714 1505 785 1554 cres
800 1491 836 1552 ad
852 1497 882 1552 te
895 1491 1030 1552 tortasse.
1067 1490 1127 1552 Sed
1143 1501 1210 1551 cum
1227 1497 1340 1550 certum

134 1598 135 1603 ¹
220 1577 328 1646 sciam,
349 1577 455 1638 iesum
475 1583 505 1637 te
525 1573 625 1655 psullo
642 1584 711 1641 aute
730 1576 899 1637 certiorem.
934 1573 998 1636 lltsi
1018 1573 1056 1635 li.
1075 1573 1248 1655 Caeparius,
1274 1589 1341 1633 cum

222 1661 296 1724 milri
309 1662 338 1722 in
358 1659 429 1723 silva
440 1659 599 1722 Gallinaria
613 1658 729 1720 obviam
740 1661 867 1722 venisset
881 1659 1130 1739 quaesissemque,
1145 1657 1215 1738 quid
1227 1673 1340 1736 ageres,

220 1744 296 1806 dixit
309 1753 339 1807 te
353 1745 386 1805 in
399 1743 476 1806 lecto
492 1763 573 1814 esse,
589 1742 670 1822 quod
680 1761 717 1803 er
731 1742 857 1822 pedibus
871 1741 1033 1806 laborares.
1068 1741 1134 1802 Tuli
1149 1739 1262 1804 scilicet
1276 1758 1340 1801 mo-

219 1828 309 1898 leste,
324 1836 358 1891 nt
371 1828 480 1897 debeis
494 1827 548 1899 sed
563 1833 663 1889 tamen
680 1827 819 1888 consului
835 1825 874 1888 ad
889 1834 919 1888 tc
936 1826 1051 1896 senne,
1073 1833 1108 1887 ct
1122 1832 1152 1886 et
1165 1825 1296 1886 viderem
1311 1832 1341 1885 te

182 1962 186 1977 ,
219 1921 253 1975 et
265 1913 391 1974 viserem
407 1919 436 1974 et
455 1925 614 1975 coenaram
629 1912 729 1972 etiam.
766 1911 832 1972 Non
847 1911 925 1972 enim
942 1909 1072 1981 arbitror
1089 1925 1193 1970 cocum
1209 1909 1296 1972 etiam
1311 1915 1341 1970 te

218 1997 407 2058 arthriticum
421 1996 541 2058 habere.
571 1993 717 2075 Exspecta
726 1996 817 2072 igitur
826 1989 976 2074 hospitem
991 2011 1059 2056 cum
1073 1995 1194 2056 minime
1209 1993 1340 2063 edacem,

211 2082 283 2141 'tum
298 2081 450 2142 inimicum
462 2081 564 2142 coenis
577 2079 766 2158 sumptuosis.

662 2241 844 2310 Errsrorm
859 2241 904 2306 X.

639 2366 756 2425 CICERO
770 2366 879 2425 PAETO
894 2367 920 2424 S.

181 2507 200 2567 1
308 2497 502 2561 Dmhustuis
521 2496 653 2578 epistolis
666 2497 870 2577 respondebo:
892 2500 959 2568 uni,
980 2515 1069 2575 quam
1092 2496 1249 2577 quatriduo
1273 2502 1344 2557 aute

222 2595 398 2661 acceperam
412 2603 430 2645 a
444 2583 550 2652 Zetho3
566 2581 665 2652 alteri,
682 2600 771 2661 quam
785 2580 921 2643 attulorat
936 2578 1071 2643 Phileros
1079 2578 1269 2662 :tabellarius
1297 2579 1343 2640 Ex

222 2663 373 2747 prioribus
387 2669 446 2727 tuis
459 2666 565 2727 litteris
576 2664 709 2727 intellexi
723 2672 895 2745 pergratam
905 2664 963 2728 tihi
977 2677 1040 2727 esse
1055 2674 1162 2729 curum
1176 2675 1273 2725 mcum
1291 2675 1342 2723 eu-

221 2747 361 2815 letudtm's
374 2760 443 2812 tuoe
452 2754 642 2825 amnemque
659 2764 735 2826 erpa
750 2757 777 2811 te
788 2766 892 2822 meum
908 2766 994 2827 quem
1009 2750 1061 2811 rtet
1074 2756 1264 2829 perspersum
1277 2764 1343 2809 esse

221 2832 348 2915 gaudeo.
378 2834 451 2905 Sed,
474 2831 669 2903 mihicrede,
690 2851 755 2895 non·
766 2833 906 2913 perinde,
928 2842 962 2895 ut
982 2841 1026 2895 est
1040 2850 1161 2912 reapse,
1186 2851 1222 2893 ex
1237 2829 1342 2891 litteris

221 2922 395 3002 perspicere
409 2919 540 2998 potuisti.
571 2918 661 2987 Num,
679 2935 747 2978 cum
763 2937 780 2978 a
795 2919 865 2981 satis
881 2916 981 2979 multis
998 2948 1040 2963 -··
1052 2917 1205 2977 nonenim
1219 2929 1343 2994 possum

221 3002 310 3065 aliter
325 3003 425 3065 dicere
440 3035 477 3047 -—
491 3011 522 3063 et
532 2997 588 3063 c'oli
603 3020 652 3062 me
666 3002 781 3063 rideam
796 3009 826 3063 et
841 3000 932 3081 diligi,
948 3017 1037 3063 nemo
1047 3006 1097 3061 'est
1113 2999 1231 3061 illorum
1247 3000 1342 3059 omni·

222 3093 274 3149 um
294 3088 366 3147 mihi
385 3093 416 3147 te
436 3086 602 3164 iucundior.
641 3078 716 3145 liam
733 3085 815 3164 quod
835 3104 883 3147 me
905 3103 1000 3155 amas,
1024 3080 1148 3163 quodid
1170 3090 1201 3157 et
1221 3084 1342 3161 iampri-

221 3171 292 3234 dem
306 3178 336 3231 et
349 3176 519 3231 constanter
534 3169 621 3239 iacis,
637 3176 682 3229 est
694 3167 726 3229 id
743 3170 862 3249 quidem
877 3187 1017 3249 magnum
1033 3176 1121 3248 atque
1132 3159 1213 3229 haud
1226 3166 1289 3228 scio
1298 3183 1343 3228 an

257 3392 282 3440 3.
301 3385 477 3453 salutamur]
489 3386 534 3438 iola
608 3387 695 3451 sange
705 3384 760 3437 Be·
810 3380 987 3452 Gallinaria]
996 3385 1055 3437 Der
1064 3383 1150 3438 wald
1162 3381 1211 3451 leg
1222 3383 1252 3436 in
1263 3383 1366 3451 Cam-5

223 3454 307 3507 such.
322 3482 355 3493 -
372 3455 459 3506 dones
474 3450 569 3522 ciros]
611 3453 758 3521 potiorum,
811 3454 933 3521 ponien3
959 3453 1014 3505 deu
1034 3452 1145 3505 Nomen
1170 3452 1263 3517 geben
1287 3449 1343 3501 ilrru

226 3522 469 3574 Patricium—te
479 3518 598 3587 income]
614 3520 644 3574 d.
653 3519 674 3572 i.
683 3519 760 3572 wilr-
811 3516 1344 3588 diegaliineerustioae,diedortselrr

225 3589 300 3642 rond
312 3589 359 3641 Du
369 3588 463 3642 krauk
473 3587 543 3641 bist.
811 3587 955 3641 aelrlreich
965 3602 1073 3642 weron.

258 3659 358 3709 Error.
372 3657 466 3708 VIIII.
489 3655 632 3720 (708.46.)
655 3652 758 3707 Cicero
1155 3682 1158 3691 =
1237 3686 1240 3694 Α

223 3720 760 3777 semiecusnsrtsfaufseinemhanu·
844 3719 941 3775 Errsi.
958 3723 992 3773 X.
1017 3720 1089 3787 (tos
1105 3716 1165 3784 46.)
1187 3718 1246 3771 Der
1258 3715 1346 3771 ,Briei

224 3797 295 3857 gnte
305 3790 354 3843 bei
367 3790 472 3843 Cumae
489 3804 536 3841 um
553 3788 614 3841 sich
626 3787 674 3841 bei
686 3788 759 3842 Pae·
810 3786 853 3843 ist
862 3786 1097 3843 wahraoheinlicla
1107 3786 1145 3839 irn
1155 3786 1282 3839 October
1294 3800 1343 3851 ge*

227 3865 289 3923 tus,
306 3857 359 3909 der
371 3856 478 3909 damals
489 3856 595 3923 gerade
608 3870 652 3909 am
664 3855 760 3909 Pede·
804 3854 975 3921 'deiciebam
993 3867 1046 3907 vor
1064 3852 1115 3907 der
1132 3854 1253 3907 Abreiue
1273 3850 1345 3904 (lae-

225 3939 279 3991 gra
290 3923 352 3987 litt,
365 3939 428 3975 cnm
440 3924 551 3975 Beauoh
564 3922 760 3978 anrnmelden.
812 3938 875 3975 sors
899 3920 971 3976 noch
994 3920 1122 3989 speeies
1147 3936 1213 3975 nun
1237 3918 1344 3985 Kriege

262 3991 347 4057 Heri]
366 3991 394 4043 d.
405 3990 426 4044 i.
439 4006 483 4043 am
494 3994 537 4041 24,
550 3991 670 4058 August.
695 3991 769 4043 Vos
811 4006 902 4057 gegen
915 3988 962 4042 die
974 3988 1068 4042 Sdhne
1080 3989 1132 4042 des
1144 3987 1305 4055 Pompeius.

226 4056 296 4111 dort
310 4056 399 4110 roiate
420 4074 452 4110 er
470 4057 541 4111 tiber
557 4056 669 4126 Neopel
688 4055 761 4109 nacla
845 4062 871 4109 1.
900 4054 1005 4123 Zetho]
1031 4055 1078 4109 ein
1102 4053 1344 4121 Frei'geleasener.

136 4177 140 4184 k
228 4124 335 4177 seinern
354 4122 566 4192 Pompeianum.
588 4150 624 4162 -
646 4123 689 4177 Μ.
711 4124 761 4175 Ge·
813 4150 841 4163 -
856 4123 1005 4177 daaadeeio
1017 4121 1070 4189 ott]
1085 4122 1155 4175 8..
1167 4122 1191 4173 Ι.
1206 4123 1246 4175 18.
1257 4120 1348 4173 30.·-ν

223 4190 343 4258 μανίαι]
355 4200 437 4245 sonat
448 4192 623 4247 unbekannt.
635 4219 667 4231 -
680 4190 760 4245 Siloa
810 4191 967 4260 manuae]
981 4191 1011 4244 S.
1024 4207 1048 4244 a.
1061 4190 1087 4243 1.
1097 4191 1123 4241 4.
1138 4191 1162 4239 1.
