3000 4650
458 292 461 297 ’
549 294 575 351 C.
593 292 726 352 cassius
741 291 914 350 LONGINUS.

538 541 719 606 Emsrcrm
733 535 919 602 XXVIIII.

580 664 696 722 CICERO
710 662 825 720 CASSIO
841 661 867 720 S.

252 797 384 860 Brevitas
400 803 517 858 tuarum
532 795 697 856 litterarum
712 811 760 855 me
773 811 891 873 queque
903 793 1072 856 breviorem
1083 795 1114 855 in
1126 795 1283 858 scribendo
1307 803 1324 864 1

166 881 311 951 iacitaet,
328 899 397 942 rere
411 889 444 942 ut
459 880 571 950 dicam,
587 897 647 940 non
664 881 734 940 satis
749 878 894 948 occurrit,
911 878 982 957 quid
996 877 1134 941 scribam.
1165 878 1286 942 Nostras

168 968 246 1026 enim
262 982 311 1026 res
326 966 356 1026 in
368 968 441 1027 actis
455 964 581 1042 perferri
597 963 632 1024 ad
655 970 684 1025 te
701 968 782 1024 cerie
798 963 875 1032 scic,
896 970 963 1024 tuas
983 970 1081 1025 autem
1102 965 1284 1042 ignoramus.

166 1047 329 1128 Tamquam
346 1052 424 1111 enim
440 1048 538 1110 clausa
554 1051 592 1110 sit
606 1048 688 1117 Asia,
714 1048 758 1108 sic
779 1043 853 1107 nihil
872 1045 1024 1126 perfertur
1044 1047 1081 1108 ad
1096 1055 1150 1108 nds
1164 1057 1284 1127 praeter

165 1149 301 1194 rumores
317 1133 355 1194 de
371 1149 513 1212 oppresso
530 1130 695 1201 Dolabella,
716 1132 787 1192 satis
805 1129 872 1192 iilos
893 1131 1011 1210 quidem
1027 1138 1209 1205 constantes,
1228 1133 1280 1194 sed

165 1216 261 1277 adhuc
275 1218 337 1278 sine
353 1223 483 1278 auctore.
517 1215 593 1287 Nos,
614 1215 781 1276 consectum
801 1213 913 1276 beilum
933 1233 1001 1277 cum
1021 1221 1209 1293 putaremus,
1230 1235 1278 1279 re·
1300 1223 1319 1282 2

163 1308 252 1378 pente
267 1319 283 1362 a
299 1301 411 1380 Lepido
426 1306 477 1362 tuo
498 1303 530 1363 in
545 1317 690 1370 summam
707 1296 936 1361 sollicitudiuem
950 1317 1054 1361 sumus
1068 1300 1196 1362 adducti.
1223 1301 1281 1362 lta-

164 1399 222 1462 que
241 1384 295 1445 tibi
316 1386 462 1464 persuade
490 1387 649 1446 maximam
663 1385 707 1444 rei
723 1381 860 1462 publicae
875 1401 958 1462 spem
973 1385 1003 1444 in
1019 1391 1050 1446 te
1070 1392 1099 1445 et
1112 1387 1144 1446 iu
1159 1385 1217 1446 tuis
1232 1403 1281 1446 cc·

162 1469 219 1545 piis
234 1484 308 1531 esse.
331 1469 446 1531 Firmos
464 1471 582 1529 omnino
597 1469 744 1530 exercitus
756 1467 915 1536 habemus;
930 1467 983 1530 sed
996 1476 1108 1539 tamen,
1124 1476 1158 1532 ut
1171 1471 1278 1541 emnia,

163 1557 197 1611 ut·
209 1569 313 1630 spero,
334 1570 478 1633 prospere
497 1553 674 1632 procedant,
695 1551 821 1614 mulium
836 1552 958 1612 interest
977 1559 1008 1613 te
1026 1555 1135 1616 venire.
1167 1553 1279 1630 Exigua

162 1637 241 1696 enim
253 1652 320 1713 spes
333 1638 433 1699 estrei
446 1637 596 1716 publicae:
613 1653 681 1699 nam
693 1633 804 1698 nullam
816 1653 877 1696 non
891 1634 962 1698 iibet
974 1636 1088 1706 dicere:
1105 1636 1171 1711 sed,
1189 1653 1279 1714 quae·

162 1736 279 1800 cunque
294 1728 352 1791 est,
370 1739 404 1783 ea
421 1721 621 1800 despondetur
636 1737 714 1781 anno
730 1719 901 1782 consulatus
916 1721 967 1780 tui.
993 1719 1074 1783 Vale.

562 1886 743 1952 Errsrnun
758 1885 874 1950 XXX.

574 2011 690 2070 CiGERO
705 2009 821 2068 CASSIO
836 2011 864 2069 S.

244 2139 387 2219 Lepidus,
404 2148 472 2204 tuus
489 2141 599 2213 affinis,
617 2159 702 2204 meus
724 2141 890 2213 familiaris,
909 2141 1005 2222 pridie
1028 2139 1091 2204 Kal.
1111 2140 1271 2214 Quinctiles
1294 2149 1311 2210 1

160 2226 311 2284 sententiis
333 2225 471 2287 omnibus
497 2226 589 2288 basiis
605 2233 738 2288 asenatu
753 2227 898 2287 iudicatus
913 2235 957 2287 est
971 2227 1134 2307 ceterique,
1151 2227 1201 2305 qui
1216 2245 1276 2288 una

162 2325 230 2368 cum
246 2305 297 2370 illc
313 2327 330 2370 a
345 2308 508 2388 republica
523 2310 710 2379 deiecerunt;
726 2309 834 2391 quibus
849 2314 947 2373 tamen
965 2311 1003 2372 ad
1015 2311 1170 2373 sanitatem
1188 2310 1275 2373 rede·

158 2390 229 2452 uudi
249 2399 318 2455 ante
337 2392 400 2454 liei.
425 2394 591 2473 Septembr.
615 2403 746 2474 potestas
766 2394 844 2456 iacta
864 2402 917 2457 est.
947 2395 1045 2457 Fertis
1059 2412 1131 2456 sane
1145 2403 1274 2466 semiue,

158 2474 209 2536 sed
225 2478 353 2547 maxime
367 2494 420 2556 spe
434 2478 558 2539 subsidii
575 2480 627 2540 tui.
648 2478 763 2541 Bellum
779 2479 912 2558 quidem,
929 2498 997 2541 cum
1008 2478 1083 2539 haec
1095 2478 1273 2550 scribebam,

157 2575 228 2619 sane
243 2577 383 2639 magnum
401 2569 465 2623 erat
479 2562 591 2624 scelere
607 2570 635 2624 et
651 2561 767 2625 levitate
778 2562 892 2643 Lepidi.
917 2564 977 2625 Nos
988 2563 1027 2625 de
1036 2561 1187 2625 Dolabella
1200 2580 1274 2641 quc·

155 2642 242 2714 ridie,
258 2663 333 2724 quae
347 2645 497 2716 volumus,
513 2647 662 2716 andimus3
678 2647 730 2709 sed
745 2646 842 2709 adhuc
852 2650 916 2708 sine
929 2648 1040 2725 capite,
1066 2648 1129 2708 sine
1142 2653 1271 2718 auctore,

154 2743 276 2789 rumore
291 2730 404 2792 nuntie.
436 2728 520 2803 Quod
537 2748 605 2792 cum
619 2733 659 2793 ita
674 2738 765 2801 esset,
786 2738 886 2793 tamen
907 2731 1012 2793 litteris
1026 2732 1099 2800 tuis,
1123 2748 1195 2810 quas
1209 2730 1268 2792 Nc·
1291 2738 1311 2798 2

156 2811 203 2871 nis
218 2811 303 2874 Maiis
320 2831 356 2874 ex
374 2815 476 2876 castris
494 2815 576 2875 datas
589 2832 812 2893 acceperamus,
829 2817 869 2875 ita
883 2833 1059 2896 persuasum
1075 2824 1138 2875 erat
1154 2814 1270 2886 civitati,

153 2903 186 2954 ut
199 2892 282 2956 iilum
295 2897 354 2957 iam
371 2915 548 2977 oppressum
564 2899 913 2969 omnesarbiirarentur,
936 2906 965 2959 ie
986 2905 1085 2960 autem
1105 2900 1134 2959 in
1157 2897 1270 2965 ltaliam

153 3109 224 3163 dern
241 3128 305 3193 marr
323 3117 460 3167 erwartet
477 3114 684 3168 nu'chrosses
737 3184 744 3198 ι
771 3121 795 3171 1.
813 3123 936 3197 pesestas
952 3118 1031 3183 saeta
1047 3114 1107 3234 mii
1128 3114 1196 3167 Men
1214 3114 1268 3195 gab

153 3193 209 3229 von
222 3177 283 3232 D1r.
338 3214 348 3222 -
736 3184 820 3237 abnen
832 3185 876 3237 brs
889 3200 951 3236 zum
961 3187 984 3237 1.
994 3183 1073 3251 Sept.
1110 3182 1269 3245 edenirzest,

184 3262 436 3316 musuxxvmr.
450 3265 684 3329 (sumsimus
736 3251 848 3330 umere
880 3267 931 3330 ψ
959 3251 1103 3329 secunde}
1130 3249 1271 3328 remense

153 3326 225 3379 noch
243 3327 285 3379 als
305 3327 334 3379 in
357 3330 418 3381 dem
437 3332 557 3399 rorigeri
575 3332 683 3397 Briefe,
736 3318 991 3381 zufuckwfflhfefl·
1014 3344 1048 3354 ··
1071 3332 1132 3368 mle
1159 3314 1264 3382 caditi]

151 3391 228 3460 zeigt
248 3394 307 3448 sich
326 3394 356 3447 in
378 3396 497 3462 diesem,
518 3398 573 3451 wie
590 3399 685 3467 wenig
736 3386 800 3438 wie
813 3392 900 3453 caper
912 3385 961 3465 dap
974 3384 1086 3464 Haupt,
1104 3382 1158 3435 den
1176 3382 1268 3435 Urbe-

151 3460 251 3513 Cicerc
259 3461 330 3513 noch
340 3479 395 3515 von
403 3464 682 3519 demUuteruebmen
736 3453 797 3518 ber,
811 3452 865 3506 (¹0¹¹
875 3452 1018 3505 Amfiel'
1028 3466 1107 3503 ⁰¹⁰0?
1117 3450 1207 3503 sache
1216 3450 1267 3502 be-

150 3526 200 3581 des
213 3527 247 3579 D.
260 3528 369 3582 Brutus
381 3530 479 3585 hoffte,
562 3567 568 3579 ,
735 3519 871 3573 zeicbuen
889 3519 979 3583 kann,
1003 3536 1035 3571 so
1054 3518 1125 3569 anch
1142 3517 1196 3569 den
1209 3517 1267 3569 Ur·

184 3613 208 3661 1·
225 3610 302 3678 vm]
325 3614 354 3666 s·
373 3630 397 3665 ᾖ.
416 3614 468 3667 HL
483 3617 523 3669 10·
538 3618 607 3669 2,
639 3617 683 3669 m·-
735 3603 857 3668 sprung,
881 3586 927 3638 dis
944 3584 1054 3667 'Quelle
1077 3600 1133 3637 von
1156 3584 1265 3664 Enyeus.

149 3676 223 3743 dem]
236 3679 266 3731 s,
279 3695 303 3731 Ζ,
316 3678 338 3731 Ι,
353 3683 394 3733 16·
409 3685 434 3733 Β
621 3634 637 3685 ⁹
735 3655 789 3707 Die
808 3654 909 3706 Worte
926 3670 987 3705 esne
1005 3658 1119 3705 anctore
1131 3650 1265 3704 schemen

182 3762 206 3814 2.
218 3767 245 3812 te
256 3760 360 3831 venire]
375 3765 446 3818 nach
455 3764 570 3820 Italien.
578 3793 609 3804 -
618 3784 682 3819 con·
734 3722 1003 3854 ungnclllfnffifzeffl'pg]
1023 3785 1073 3838 Am
1085 3789 1112 3840 7,
1125 3783 1186 3839 Mai
1198 3785 1267 3838 mel.

147 3828 260 3907 eulatns
276 3829 336 3897 tui]
362 3831 481 3886 Cassius
500 3839 620 3897 museto,
645 3834 681 3887 da
734 3856 799 3909 dm
812 3856 929 3909 cmi„
942 3854 1060 3920 opem,
1078 3853 1143 3906 dm
1161 3870 1193 3905 er
1211 3854 1266 3919 sy.

150 3911 181 3946 θῐ
194 3894 298 3948 P¹²i⁰¹
308 3914 448 3967 genesen,
462 3901 681 3955 auchbstldffll
734 3924 797 3975 rien
815 3924 844 3975 in
863 3923 958 3977 seiuer
970 3921 1086 3974 Gewalt
1102 3919 1188 3984 bab'e,
1207 3920 1265 3972 uud

126 3960 450 4057 5⁰⁰¹¹⁸¹¹l³ig³l⁸¹¹g⁸¹b
670 4022 671 4027 =
735 3990 815 4057 iiigte
840 4008 883 4045 nm
902 3990 1036 4043 Schlusse
1064 3987 1125 4040 beia
1149 3987 1266 4053 Litteris

127 4058 135 4087 a
182 4046 278 4127 bisses.
315 4049 400 4122 XXX.
437 4050 508 4116 (711.
532 4054 588 4116 43.)
624 4052 683 4105 Der
735 4057 850 4125 seriptis
863 4056 963 4109 audivi
974 4055 1150 4110 Dolabellam
1172 4055 1203 4105 in
1220 4054 1266 4105 Ci-

133 4110 406 4183 ·Br1ef1stAnfang
419 4116 480 4169 Juli
498 4118 683 4185 geschrieben
735 4125 829 4176 liciam
852 4125 960 4177 venisse
988 4140 1051 4175 cum
1078 4122 1139 4175 suis
1168 4121 1264 4188 copiis.

149 4178 207 4231 und
220 4180 270 4233 der
283 4181 435 4263 leizteeder
448 4200 501 4237 uus
515 4186 682 4239 vchicero
735 4192 902 4258 Proficiscer-
915 4192 946 4244 in
957 4190 1092 4243 Ciliciam.
1118 4189 1265 4253 Quidem-

149 4244 315 4301 erhaltenen
327 4250 435 4305 Bnefs.
457 4312 461 4321 ,
736 4260 802 4325 rim,
821 4260 946 4313 celeriter
957 4264 991 4312 ut
1008 4258 1095 4324 scias,
1114 4256 1185 4309 dabo
1202 4271 1267 4321 npe-
