3000 4650
203 232 260 327 ¹84
640 270 907 328 nmunrrsrra.

216 450 271 512 ego
291 440 451 494 statueram
467 432 536 494 illuc
556 451 616 493 non
635 431 792 506 accedere,
818 436 873 494 nisi
898 453 965 495 cum
988 435 1122 496 consules
1146 455 1183 497 er
1211 445 1329 498 senatus

175 525 196 584 4
218 517 352 579 consulto
366 518 514 597 porticum
528 516 622 579 Catuli
636 519 848 580 restituendam
863 519 1018 580 locassent.
1053 519 1117 581 llal.
1133 519 1253 582 Octobr.
1277 522 1328 582 ha-

210 602 301 664 betur
325 610 445 664 senatus
468 604 617 680 frequens.
653 602 838 664 Adhibentur
861 621 962 663 omnes
985 603 1151 681 pontitices,
1174 606 1330 684 quierant

213 693 375 757 senatores,
390 705 407 747 a
422 686 528 765 quibus
542 684 744 756 Marcellinus,
764 689 815 765 qui
830 695 893 749 erat
908 688 1112 765 cupidissimus
1127 691 1195 759 mei,
1212 698 1328 751 senten·

213 771 283 833 tiam
298 773 412 850 primus
433 778 556 850 rogatus
577 772 731 850 qnaesivit,
752 772 823 850 quid
844 779 943 832 essent
964 774 995 833 in
1018 773 1204 834 decernendo
1225 775 1328 835 secuti.

214 857 288 916 Tum
304 857 343 916 Μ.
358 853 499 917 Lucullus
517 855 555 916 de
573 856 707 917 omnium
730 855 908 934 collegarum
926 859 1070 918 sententia
1085 858 1239 937 respondit
1260 857 1328 919 reli-

213 940 310 1020 gionis
323 940 436 1001 iudices
455 940 608 1017 pontifices
626 940 725 1010 tuisse,
744 939 819 1018 legis
840 949 989 1009 senatum;
1013 959 1046 1002 se
1064 949 1093 1002 et
1111 941 1240 1018 collegas
1259 961 1328 1004 suos

214 1023 252 1086 dc
267 1023 409 1102 religione
425 1025 571 1094 statuisse,
585 1025 617 1084 in
629 1030 733 1085 senatu
748 1025 785 1085 de
800 1023 865 1101 lege
875 1030 1043 1086 statuturos.
1067 1025 1197 1105 Quisque
1209 1027 1327 1097 borum,

212 1109 279 1171 loco
295 1109 470 1170 sententiam
483 1115 614 1186 rogatus,
628 1107 719 1170 multa
738 1109 902 1171 secundum
918 1127 1036 1170 causam
1051 1118 1183 1171 nostram
1197 1111 1328 1191 disputa-

212 1193 263 1254 vit
294 1192 366 1253 Cum
381 1193 419 1253 ad
431 1191 566 1254 Clodium
579 1200 698 1254 ventum
712 1200 766 1262 est,
783 1195 875 1272 cupiit
890 1194 968 1254 diem
984 1212 1168 1264 consumere,
1185 1213 1283 1275 neque
1301 1198 1328 1257 ei

212 1278 278 1338 finis
297 1284 342 1338 est
356 1277 464 1345 iactus3
482 1277 534 1338 sed
547 1283 751 1346 tamen„cum
767 1278 856 1338 horas
876 1279 929 1338 tris
955 1279 1018 1340 iere
1043 1279 1179 1348 dixisset,
1205 1280 1273 1340 odio
1298 1289 1329 1341 et

211 1363 337 1440 strepitu
355 1366 475 1422 senatus
489 1367 608 1422 coactus
623 1368 667 1422 est
681 1361 839 1441 aliquando
853 1379 1004 1440 perorare.
1043 1363 1124 1442 Cum¹
1139 1367 1225 1426 tieret
1241 1382 1327 1426 sena·

211 1454 260 1507 tus
280 1445 446 1508 consultum
471 1448 501 1506 in
529 1447 703 1506 sententiam
728 1445 903 1516 Marcellini,
926 1446 1065 1509 omnibus
1091 1459 1210 1525 praeter
1235 1467 1327 1510 unum

211 1529 450 1600 assentientibus,
467 1531 613 1591 Serranus
625 1532 801 1591 intercessit.
842 1530 884 1591 De
898 1532 1110 1593 intercessione
1126 1535 1224 1594 statim
1240 1533 1326 1594 ambo

211 1613 349 1676 consules
363 1615 477 1676 reterre
491 1623 663 1694 coeperunt.
685 1615 758 1675 Cum
767 1615 928 1677 sententiae
941 1615 1129 1694 gravissimae
1141 1617 1326 1678 dicerentur:

211 1700 327 1760 senatui
345 1697 466 1778 placere
486 1699 557 1759 mibi
576 1699 696 1759 domum
715 1701 845 1769 restitui,
867 1701 1013 1776 porticum
1035 1699 1126 1761 Catuli
1146 1699 1253 1770 locari,
1275 1719 1327 1762 an-

212 1785 377 1845 ctoritatem
392 1783 504 1844 ordinis
525 1783 562 1844 ab
583 1782 720 1843 omnibus
743 1783 961 1860 magistratibus
988 1784 1120 1854 defendi;
1148 1787 1173 1846 si
1199 1803 1258 1865 qua
1283 1789 1327 1846 vis

211 1876 289 1930 esset
302 1867 387 1937 lacta,
406 1874 541 1928 senatum
556 1869 790 1928 existimaturum
805 1869 869 1928 eius
886 1886 975 1946 opera
992 1868 1101 1929 iactum
1117 1888 1190 1941 esse,
1214 1871 1265 1947 qui
1279 1889 1326 1932 se-

210 1961 297 2014 natus
318 1950 451 2013 consulto
471 1952 699 2012 intercessisset:
716 1951 861 2013 Serranus
881 1953 1032 2031 pertimuit
1046 1961 1075 2013 et
1095 1953 1267 2015 Cornicinus
1289 1955 1326 2015 ad

211 2054 296 2097 suam
320 2043 449 2098 veterem
474 2034 603 2097 fabulam
628 2036 728 2096 rediit:
756 2035 869 2096 abiecta
894 2042 962 2114 toga
986 2055 1019 2098 se
1044 2038 1080 2096 ad
1107 2040 1209 2115 generi
1234 2039 1326 2116 pedes

211 2121 325 2182 abiecit.
361 2119 413 2182 llle
427 2125 545 2181 noctem
562 2119 619 2180 sibi
634 2118 804 2199 postulavit:
820 2138 881 2181 non
897 2121 1107 2182 concedebant.
1144 2123 1325 2183 Reminisce·

210 2204 319 2265 bantur
339 2205 418 2265 enim
432 2203 496 2265 Kal.
510 2204 627 2265 Ianuar.
665 2205 719 2264 Vix
743 2203 861 2266 tandem
882 2203 923 2265 illi
943 2206 1065 2266 demea
1085 2205 1234 2266 voluntate
1254 2224 1324 2267 con·

170 2295 190 2356 5
212 2306 328 2351 cessum
345 2297 398 2350 est.
432 2289 578 2350 Postridie
594 2297 713 2352 senatus
727 2289 893 2351 consultum
907 2289 1017 2351 tactum
1032 2297 1076 2351 est
1092 2291 1132 2362 id,
1148 2292 1228 2370 quod
1241 2292 1278 2353 ad
1293 2301 1322 2353 te

209 2376 285 2458 misi.
314 2373 426 2436 Deinde
439 2372 574 2435 consules
587 2376 734 2453 porticum
746 2374 839 2437 Catuli
852 2375 1063 2437 restituendam
1078 2374 1227 2445 locarunt;
1244 2374 1324 2437 illam

210 2460 358 2538 porticum
378 2458 582 2537 redemptores
602 2460 699 2520 statim
719 2466 789 2519 sunt
812 2458 942 2520 demoliti
961 2458 1160 2521 libentissimis
1175 2460 1323 2522 omnibus.

209 2542 302 2605 Nobis
322 2544 508 2621 superficiem
535 2543 651 2604 aedium
671 2541 809 2603 consules
831 2542 867 2604 de
893 2543 1005 2605 consilii
1025 2546 1168 2605 sententia
1188 2546 1323 2607 aestima-

211 2722 243 2731 -
260 2692 344 2759 illue]
363 2709 398 2744 nu
416 2692 533 2745 meinem
552 2690 739 2759 Hausplatze.
793 2691 1008 2772 unterliegende
1029 2692 1127 2745 Partei
1152 2694 1248 2761 biiufig
1275 2695 1327 2746 auf

209 2756 602 2890 bifortiwfbcagubbiel
619 2758 740 2879 Sipiletrtr-
791 2758 1324 2893 33⁰f1⁸w⁶¹⁸⁰eis¹¹⁰¹¹ss⁰⁵⁰lp¹l⁰9⁵²vu{ff

229 2842 431 2891 ue‚wece
484 2865 490 2878 .
541 2842 637 2879 auus
680 2842 740 2879 ee
810 2842 970 2877 mern—
1008 2844 1128 2879 erronee
1161 2845 1206 2880 ern
1246 2846 1260 2880 o
1294 2846 1323 2881 s-

210 2894 354 2948 aut'beuen
383 2894 490 2960 lessen,
518 2893 597 2947 hatte
622 2893 739 2946 Clodius
791 2892 1046 2961 tribum-siqua
1058 2894 1218 2961 cielwenn
1232 2914 1261 2948 es
1275 2896 1323 2947 bei

210 2962 350 3014 ebenfalls
361 2962 570 3015 uiederreissen
580 2961 684 3026 lescen,
695 2977 740 3013 um
792 2960 842 3014 der
848 2959 1088 3028 Ansffihrungdes
1096 2959 1276 3014 Beschlusses
1287 2980 1323 3015 zu

210 3029 266 3081 den
283 3029 365 3081 Platz
383 3029 468 3082 theiis
485 3044 521 3081 zu
538 3028 633 3081 seiner
644 3028 741 3080 Porti·
791 3028 1024 3095 gewaltthdtigeu
1040 3028 1176 3081 Handlun
1195 3046 1231 3081 en
1247 3030 1324 3080 irom-

210 3112 274 3159 cns,
298 3095 384 3148 tbeils
408 3112 443 3147 nu
467 3095 530 3147 dem
547 3093 665 3162 Tempel
689 3095 741 3148 der
792 3045 1323 3213 ιηεηπιῖιάε.-θονηίοἱηιιεῑθωθρ-

209 3162 338 3215 Freiheit
349 3179 384 3213 zu
396 3164 547 3217 benntzen.
791 3162 855 3229 pius
874 3162 1058 3228 Cornicinus,
1080 3162 1132 3215 der
1148 3162 1184 3214 Sc
1205 3162 1324 3229 wicger-

242 3233 268 3282 4.
279 3230 387 3297 primus
396 3229 523 3297 rapotae]
537 3228 587 3282 Ale
597 3228 740 3296 designir·
790 3236 873 3281 vater
886 3229 935 3281 des
949 3230 1105 3295 Serranus,
1122 3229 1201 3283 hatte
1213 3231 1321 3283 beneito

209 3302 255 3349 ter
279 3297 385 3350 consur
414 3298 513 3351 wurde
543 3297 576 3349 C.
599 3296 739 3349 Lentulus
791 3296 907 3362 einmal,
925 3295 967 3349 als
981 3296 1049 3349 liber
1062 3297 1180 3351 Ciceros
1190 3297 1322 3351 Ruckbe-

209 3364 395 3419 Marcellinus
413 3371 511 3418 aderet
528 3365 655 3433 gefragt‚
679 3382 739 3417 was
791 3365 898 3431 rufnng
909 3364 1047 3417 beratheri
1067 3366 1165 3419 warde
1184 3367 1242 3418 und
1255 3366 1322 3417 Ser-

208 3432 308 3485 immet
320 3433 363 3485 uls
372 3432 448 3485 Ebre
461 3433 530 3501 galt.
544 3461 576 3471 -
589 3434 641 3484 de.
657 3472 663 3483 .
677 3450 741 3484 een-
790 3432 1323 3499 tanusintercedirte‚dieselbecomb'-

209 3497 311 3566 tentia]
321 3502 437 3566 pecudes,
449 3502 522 3553 uncle
531 3503 581 3552 der
589 3500 738 3566 Meinunp.
790 3498 836 3551 die
849 3498 974 3566 (fabula)
987 3501 1164 3569 ausgeftihra
1178 3502 1234 3553 und
1253 3502 1322 3553 Ser-

209 3596 243 3606 —
265 3568 426 3635 relipionis]
454 3568 523 3621 liber
541 3568 587 3620 die
605 3567 739 3635 religidse
790 3567 1322 3621 ranushatteauchdamalseineNacht

210 3635 289 3689 Seite
302 3636 353 3689 der
364 3636 533 3702 Handlmg,
550 3635 605 3687 wie
621 3636 689 3701 lepis
704 3654 740 3683 :a
789 3634 965 3688 Bedenlrzeit
980 3636 1099 3701 (noctem
1111 3654 1150 3688 sc.
1164 3636 1200 3687 ad
1213 3636 1320 3688 delibe-

210 3702 280 3756 riber
290 3703 335 3755 die
345 3702 514 3771 gesetnlicbe
523 3703 611 3766 Seite,
626 3703 660 3753 ob
670 3702 740 3754 Clo·
790 3702 922 3767 randum)
935 3704 1091 3771 gefordert,
1105 3718 1149 3754 um
1162 3720 1192 3755 so
1203 3703 1257 3756 den
1267 3704 1320 3755 Be-

210 3769 273 3822 dius
286 3772 388 3837 befugt
399 3787 530 3837 gewesen
543 3770 598 3821 den
609 3770 690 3821 Platz
702 3786 740 3821 nn
791 3769 899 3821 schluss
912 3787 947 3822 zu
959 3769 1175 3825 hintertreiben.

208 3835 328 3889 weihen.
352 3837 415 3905 vgl.
429 3838 500 3889 auch
512 3855 536 3889 z.
549 3837 601 3888 III.
614 3841 655 3889 15.
667 3840 693 3888 4.
705 3864 739 3873 -
824 3842 849 3888 5.
868 3838 946 3889 illam
962 3836 1114 3905 porticum]
1138 3838 1185 3891 die
1203 3836 1319 3891 Clodius

210 3904 284 3971 loco]
304 3906 329 3957 d.
347 3906 366 3959 i.
379 3906 513 3969 scalceo,
528 3903 739 3971 wiejederder
792 3904 958 3971 ausgetdhrt
978 3903 1035 3957 und
1057 3905 1103 3955 die
1124 3910 1184 3959 esst
1208 3923 1320 3973 wegge-

210 3973 507 4039 Ordnnngnacbzum
519 3971 741 4041 Sprecbeuauf-
790 3972 884 4023 rdumt
908 3972 1021 4023 werden
1045 3980 1164 4037 moeste,
1194 3973 1244 4025 ehe
1274 3973 1320 4025 die

210 4040 359 4106 gefordert
374 4040 482 4095 wurde.
502 4068 536 4077 —-
553 4040 624 4091 diem
641 4056 741 4091 coneu—
791 4037 972 4091 Sfiulenhalle
997 4040 1046 4091 des
1071 4039 1190 4092 Catulus
1220 4040 1321 4105 herge-

209 4107 292 4173 mcre]
306 4124 345 4161 sc.
354 4107 483 4160 dicendo.
501 4107 739 4159 DamitSonnen-
793 4104 873 4158 stellt
884 4107 1001 4159 werden
1013 4108 1127 4162 konnte.
1145 4134 1178 4145 -
1190 4104 1317 4173 aedium]

209 4179 369 4241 nutergung
379 4173 425 4226 die
436 4174 740 4242 Sitzungengescblos·
791 4173 889 4227 Genit.
902 4174 1012 4227 delinit.
1028 4176 1054 4225 V
1075 4174 1191 4229 1.11.14.
1205 4176 1228 4226 1.
1241 4200 1272 4211 -
1286 4174 1321 4227 de

209 4258 260 4293 sen
271 4242 387 4295 werden
399 4246 534 4309 moseten,
544 4259 575 4294 eo
587 4242 739 4296 sncbtedie
791 4242 901 4295 consilii
913 4192 1073 4307 sententiu5
1089 4242 1116 4295 d.
1135 4241 1154 4293 i.
1173 4241 1244 4293 nach
1257 4240 1319 4295 dem
