3000 4650
501 274 533 331 u.
550 274 710 332 uolumus
724 275 926 333 canonicus
1168 339 1171 344 ,
1197 269 1259 342 145

138 441 249 508 miuus,
264 457 313 500 me
323 446 404 500 certe
414 439 444 499 in
459 437 596 499 omnibus
607 438 698 500 rebus
710 439 781 500 satis
796 446 916 502 nostrae
934 431 1134 505 coniunctioni
1148 447 1258 507 amori·

141 541 201 602 que
214 524 371 585 facturum.
401 521 480 584 Vale.
695 541 698 546 ·

547 686 727 753 Emscons
746 687 844 753 XXI.

449 811 482 869 il.
498 805 615 868 CICERO
628 810 655 869 S.
670 812 699 868 li.
714 810 747 867 Μ.
763 811 947 869 uduornic.

226 942 287 1003 lllsi
307 943 465 1021 perpaucis
484 947 552 1003 aute
570 939 674 1003 diebus
703 941 844 1004 dederam
865 943 899 1015 Q.
921 942 1018 1006 lluoio
1039 943 1152 1008 litteras
1173 947 1211 1008 ad
1231 955 1261 1009 te
1285 955 1302 1017 1

140 1025 277 1106 pluribus
288 1024 526 1103 verbisscriptas,
538 1024 880 1105 quibusdeolaraveram,
889 1045 950 1106 quo
960 1030 1094 1092 teanimo
1106 1048 1258 1094 censerem
1330 1026 1335 1030 ’

143 1127 208 1172 esse
224 1107 364 1190 oportere
379 1116 408 1170 et
424 1110 495 1189 quid
504 1109 558 1170 tihi
572 1108 739 1171 laciendum
754 1109 931 1172 arbitrarer:
954 1119 1062 1184 umen,
1082 1131 1150 1176 cum
1161 1116 1259 1178 Theo-

142 1192 256 1274 philus,
275 1193 399 1256 libertus
414 1199 491 1263 tuus,
507 1193 755 1270 proficisceretur,
771 1196 855 1256 euius
870 1211 924 1272 ego
938 1195 1028 1257 fidem
1040 1213 1110 1275 erga
1125 1204 1154 1259 te
1168 1198 1261 1260 henc-

142 1277 358 1358 volenliamque
369 1291 589 1356 perspexeram,
604 1280 668 1340 siue
679 1279 753 1339 meis
764 1278 867 1340 litteris
882 1297 950 1340 eum
967 1280 1004 1340 ad
1016 1286 1044 1341 te
1056 1283 1156 1344 venire
1167 1282 1258 1344 nolui.

143 1361 250 1424 lisdem
264 1363 355 1439 igitur
368 1368 398 1422 te
412 1360 503 1424 rebus
518 1363 607 1423 etiam
623 1366 711 1441 alque
727 1363 816 1423 mam
831 1364 950 1431 hortor,
973 1363 1081 1442 quibus
1097 1368 1259 1444 superiori·

143 1445 199 1507 bus
228 1444 333 1507 litteris
350 1445 485 1507 hortatus
504 1462 589 1516 sum,
621 1451 654 1506 ut
673 1437 758 1507 inea
780 1446 967 1526 republica,
989 1467 1184 1531 quaecuuque
1205 1460 1258 1520 est,

143 1531 376 1610 quamprimum
391 1527 462 1591 velis
476 1543 550 1591 esse.
577 1529 667 1592 ldulta
683 1529 794 1591 videbis
807 1530 949 1600 fortasse,
987 1549 1063 1609 quae
1076 1532 1167 1603 nolis,
1198 1552 1260 1594 non

144 1611 230 1692 plura
247 1621 360 1684 tamen,
380 1629 468 1692 mam
479 1613 564 1675 audis
582 1613 721 1699 quotidie.
752 1613 817 1675 Non
833 1622 878 1676 est
889 1632 980 1693 porro
995 1623 1079 1676 tcum
1096 1634 1155 1677 uuo
1170 1634 1259 1679 sensu

145 1696 242 1759 solum
258 1697 411 1759 oculorum
424 1699 552 1759 moveri:
581 1698 742 1759 cumidem
757 1697 828 1759 illud
843 1699 965 1761 auribus
985 1701 1148 1779 percipias,
1180 1699 1258 1779 quod

143 1783 230 1842 etiam
251 1783 344 1843 maius
362 1782 455 1844 rideri
477 1782 568 1853 solet,
591 1784 689 1845 miuus
709 1781 857 1845 laborare.
896 1783 933 1843 At
951 1783 1005 1844 tibi
1025 1784 1082 1864 ipsi
1102 1783 1257 1845 dicendum
1279 1788 1299 1849 2

142 1866 200 1928 erit
218 1865 341 1944 aliquid,
362 1865 442 1948 quod
462 1868 664 1937 musenius,
687 1874 738 1928 aut
752 1868 935 1939 laciendum,
957 1867 1038 1947 quod
1058 1885 1119 1930 nou
1139 1868 1258 1947 probes.

142 1949 275 2010 Primum
290 1951 418 2031 tempori
434 1951 555 2021 cedere,
572 1949 675 2020 idest,
690 1952 859 2012 necessitati
873 1968 995 2029 parere,
1011 1968 1130 2032 semper
1142 1954 1259 2030 sapien·

143 2035 180 2094 tis
191 2040 236 2095 est
250 2033 397 2103 habitum
416 2034 522 2095 deinde
536 2034 715 2105 nonhabet,
729 2035 987 2113 utnunoquidem
1005 2041 1063 2106 est,
1079 2036 1111 2097 id
1127 2036 1187 2096 sitii
1201 2054 1260 2097 res.

143 2117 247 2179 Dicere
263 2118 397 2187 sortasse,
413 2136 489 2197 quae
502 2119 620 2187 sentias,
642 2135 702 2178 uon
717 2118 799 2188 licet;
823 2126 921 2180 lacere
939 2117 1028 2196 plane
1043 2117 1120 2180 lioct.
1156 2118 1262 2179 Omnia
1329 2189 1331 2196 χ

143 2202 223 2262 enim
238 2201 332 2263 delata
347 2201 384 2262 ud
400 2217 492 2268 uuum
517 2209 593 2263 suut.
624 2201 653 2263 ls
676 2205 770 2263 ulitur
791 2202 967 2263 consilioue
989 2220 1112 2264 snorum
1132 2202 1262 2282 quidem,

144 2286 197 2348 sed
213 2302 277 2346 suo.
311 2284 397 2357 Quod
412 2302 472 2346 non
489 2284 581 2347 multo
596 2302 683 2348 secus
694 2285 794 2357 ficret,
810 2287 835 2349 si
852 2289 876 2349 is
891 2285 1121 2366 rempublicam
1136 2293 1261 2358 teneret,

146 2386 234 2448 quem
253 2371 347 2430 secuti
358 2387 469 2430 sumus.
499 2372 558 2442 dn,
576 2370 626 2450 qui
640 2372 671 2430 in
685 2369 780 2442 hello,
796 2389 864 2432 oum
880 2373 1012 2432 omnium
1034 2374 1171 2432 nostrum
1190 2389 1262 2433 uou-

146 2454 280 2514 iunctum
299 2459 378 2514 esset
398 2452 577 2532 periculum,
598 2472 653 2515 suo
675 2460 704 2516 et
720 2462 871 2516 certorum
885 2456 1038 2515 hominum
1056 2456 1176 2516 minime
1190 2474 1261 2535 pru·

146 2537 278 2598 dentium
293 2536 414 2599 consilio
429 2543 576 2608 uteretur,
592 2556 659 2599 eum
674 2540 767 2614 magis
779 2556 967 2600 communem
988 2556 1144 2601 censemus
1165 2541 1195 2598 in
1219 2540 1261 2598 vi-

145 2622 238 2683 ctoria
253 2620 385 2682 futurum
399 2623 500 2692 luisse,
516 2639 604 2700 quam
619 2624 741 2683 incertis
754 2624 787 2684 in
797 2622 889 2685 rebus
905 2623 1025 2685 luisset?
1043 2629 1081 2691 et,
1097 2623 1148 2700 qui
1162 2640 1218 2684 nec
1234 2631 1264 2685 te

147 2704 269 2768 consede
285 2711 370 2766 tuum
390 2707 636 2786 sapientissimum
659 2707 814 2768 consilium
836 2713 955 2769 secutus
977 2714 1070 2776 esset,
1099 2724 1156 2767 neo
1170 2706 1262 2767 tratre
1295 2745 1308 2756 -

129 2900 134 2907 ·
146 2887 202 2957 tui]
216 2904 295 2942 wenc
307 2888 348 2941 sie
360 2888 419 2941 siclt
430 2889 475 2940 als
487 2887 624 2943 dieDeini
643 2905 678 2941 en
727 2909 764 2936 =
775 2888 821 2943 die
832 2888 1029 2942 Verhiltuisse
1041 2887 1172 2955 zwingeu
1186 2887 1265 2940 nicht

146 2957 250 3022 πείσαι.
269 2956 295 3008 V
315 2955 622 3012 l.denSchlussd.vor.
653 2974 677 3009 r.
729 2956 885 3011 audissem
898 2956 1265 3022 Fehler-poemsec.su-

180 3026 279 3075 Errsr.
318 3026 368 3076 XI.
386 3024 456 3090 (⁷08.
467 3022 526 3089 46.)
729 3022 811 3093 mus]
829 3023 857 3078 d.
873 3024 892 3076 ἱ.
912 3023 1075 3091 Pompeius.
1091 3051 1124 3060 -
1142 3023 1265 3074 omnium

181 3094 206 3142 2.
226 3091 259 3155 Q.
272 3090 385 3160 Mucio]
405 3091 441 3154 Q.
459 3091 572 3147 Mucius
591 3091 679 3144 Scae·
730 3089 873 3159 nostrum]
893 3089 1029 3143 Nostrum
1046 3089 1087 3142 ist
1098 3090 1171 3143 Gen.
1184 3086 1263 3142 Plur.

147 3156 214 3211 volo
233 3175 293 3210 war
314 3158 364 3211 mit
380 3158 506 3222 Quintus
523 3157 626 3212 Cicero
651 3159 681 3212 iu
731 3159 782 3211 des
795 3159 881 3211 Pron.
894 3173 1018 3225 person„
1037 3156 1264 3210 derbeivoran-

147 3224 236 3276 Asieu
268 3243 388 3278 ewesen.
400 3226 443 3277 Er
454 3243 513 3277 war
523 3233 608 3279 unter
618 3226 680 3280 dem
731 3225 886 3293 gehendem
903 3224 1025 3277 omnium
1041 3224 1071 3275 in
1084 3222 1179 3277 dieser
1191 3225 1265 3275 Ver-

149 3241 290 3345 Cousufot
303 3292 352 3344 des
365 3291 684 3346 Domitiusdhenobar·
731 3293 861 3362 bindung
877 3291 974 3344 imm‘cr
991 3292 1080 3354 steht,
1100 3291 1160 3343 also
1179 3290 1265 3344 auch:

124 3360 202 3417 'bus
219 3357 409 3411 Vollstribuu
426 3360 482 3412 und
500 3361 680 3428 gehlirteder
732 3362 856 3413 omnium
872 3366 999 3411 nostrum
1020 3359 1089 3412 vita.
1115 3357 1178 3426 Vgl.
1195 3373 1220 3408 z.
1241 3355 1265 3409 Ι.

150 3425 442 3543 Optimum-Portu
461 3443 506 3479 cu.
528 3455 561 3466 -
578 3429 700 3501 lisdem·
733 3432 775 3481 15.
797 3433 821 3481 3.
848 3455 877 3465 -
902 3428 970 3480 An.
991 3423 1170 3505 .censemcs]
1201 3422 1266 3475 Wir

149 3510 180 3545 re
198 3491 248 3559 cs]
267 3493 317 3544 mit
333 3493 478 3544 demoliens
495 3493 631 3548 &sindon
648 3525 681 3534 -
732 3495 904 3548 ubersetzeu
920 3494 998 3547 diese
1011 3492 1263 3560 argumentarende

149 3577 212 3613 cum
230 3560 318 3628 idern]
345 3561 396 3613 das
420 3560 585 3626 Asyudeton
609 3562 682 3616 lisst
731 3563 827 3632 Frage
840 3562 942 3627 miton
954 3560 1058 3613 durohz
1070 3559 1163 3624 (oder)
1176 3560 1266 3610 collem

150 3628 205 3681 deu
224 3627 386 3695 Gegensatz
408 3627 538 3681 schdrfer
561 3630 679 3683 hervor—
731 3630 783 3682 mir
800 3628 902 3695 (dcun)
919 3628 990 3681 weil
1006 3627 1137 3693 plaudere·
1160 3625 1201 3678 Zu
1215 3626 1267 3677 be-

149 3695 376 3763 tween-quod
388 3694 488 3762 etiam]
501 3695 534 3748 In
545 3696 596 3749 der
609 3697 680 3749 llnt-
732 3697 846 3750 merken
860 3697 910 3762 ist,
925 3696 990 3748 dass
1004 3696 1033 3746 in
1043 3694 1142 3747 diesen
1150 3693 1267 3760 Frageu

151 3763 277 3830 fernung
293 3760 395 3815 stellen
412 3763 466 3814 wir
485 3781 537 3816 uns
555 3764 601 3817 ein
619 3765 680 3817 Un-
735 3765 787 3818 der
799 3763 942 3817 indicativ
955 3757 1265 3828 stelit—communem]

150 3829 234 3899 glficlr
253 3829 411 3882 schlimmer
426 3831 561 3906 ruiwale
581 3850 611 3885 es
632 3832 681 3898 ist,
735 3832 894 3884 Communis
903 3831 943 3883 ist
951 3831 1013 3883 hier
1022 3828 1113 3882 soviel
1121 3827 1268 3881 alsznicht

151 3896 243 3950 zumal
261 3914 291 3950 es
310 3897 398 3950 durch
417 3898 601 3967 Hirensagen
619 3916 685 3953 ver·
734 3900 812 3952 bloss
838 3897 909 3951 nach
939 3898 965 3950 ei
986 3913 1064 3949 onem
1090 3894 1265 3948 Gutdfinkeu

151 3964 373 4034 grissertwird.
402 3964 545 4019 laborare
567 3967 607 4020 ist
630 3967 684 4020 wie
735 3966 892 4032 hendelnd‚
917 3915 1041 4017 sonffiern
1056 3964 1108 4017 auf
1125 3962 1180 4016 deu
1193 3961 1267 4014 Rath

151 4032 254 4084 moueri
266 4049 324 4084 ron
336 4039 377 4084 eet
389 4039 469 4085 tuum
481 4034 571 4088 ubhtin
593 4035 632 4103 ig.
736 4032 988 4086 Audererluirend.
1003 4059 1035 4067 -
1046 4032 1139 4096 fratre
1151 4027 1217 4096 tuo]
1232 4028 1270 4103 C..

186 4103 211 4150 2.
224 4097 277 4166 At]
292 4100 322 4153 8.
336 4116 361 4152 z·
371 4099 393 4153 Ι.
404 4103 445 4153 18.
456 4105 479 4153 t.
493 4101 549 4155 Mic
585 4103 685 4154 nimum
737 4100 875 4153 Claudius
893 4098 1069 4164 Marcellus,¹
1091 4098 1141 4151 der
1159 4096 1265 4149 Consul

153 4166 686 4237 beginutdieWiderlegungdesllin-
737 4166 787 4220 des
805 4168 830 4220 J.
847 4171 894 4235 49,
915 4167 966 4219 der
984 4183 1019 4218 au
1038 4166 1092 4218 den
1111 4163 1265 4231 folgenden

155 4234 254 4288 wurls.
268 4262 304 4275 ·-
320 4252 376 4287 non
397 4236 480 4288 hadel
496 4238 527 4289 id
542 4238 605 4290 vitii
624 4234 682 4304 res]
735 4235 878 4305 Kimplen
902 4233 1053 4287 theiluullm
1078 4233 1135 4286 uud
1158 4231 1215 4283 fiel.
1233 4255 1269 4273 -·-

193 4323 270 4378 i'rep,
286 4327 368 4371 Ciceros
382 4341 480 4383 ausgew.
495 4329 577 4375 Briele.
1023 4325 1063 4393 10
