3000 4650
475 235 612 318 rutnans
634 259 665 316 n.
683 259 821 317 ruinius
836 259 961 323 crosno,
1226 251 1267 318 35

160 423 288 487 teolano:
302 443 371 486 nam
385 425 456 506 quid
467 426 561 486 dicam
573 427 603 488 in
617 425 710 488 urbe?
728 427 759 488 in
776 444 843 505 qua,
860 445 928 487 eum
943 427 1040 487 forum
1053 444 1208 488 commune
1220 428 1264 499 sit,

160 512 291 572 vicinitas
305 529 365 572 non
381 511 551 592 requiritur.
577 510 634 572 Sed
650 529 719 572 casu
734 513 831 572 nmeio
846 512 949 590 quoin
967 530 1002 573 ea
1017 519 1151 591 tempora
1164 519 1265 573 nostra
1287 517 1306 580 3

161 605 238 658 aetas
249 595 358 667 incidit,
372 603 412 667 ut,
427 613 494 658 cum
508 597 633 659 maxime
645 596 752 658 florere
763 614 818 656 nos
829 603 987 675 oporteret,
1000 606 1062 658 tum
1073 597 1170 658 rivere
1183 598 1268 658 etiarn

160 679 292 764 puderet.
323 681 408 753 Quod
423 682 501 742 enim
514 699 578 744 esse
591 689 708 760 poterat
719 683 789 742 mihi
799 682 970 760 perfugium
981 681 1104 760 spoliato
1122 689 1151 743 et
1169 682 1268 743 dome-

160 766 238 828 sticis
254 773 282 826 et
296 765 463 828 forensibus
478 768 659 830 ornamentis
675 775 762 846 atque
775 765 905 828 solatiis?
936 765 1072 837 Litterae,
1089 767 1188 849 credo,
1205 769 1269 845 qui-

160 850 215 912 bus
233 857 300 912 utor
317 851 448 914 assidue:
464 853 533 931 quid
550 853 626 913 enim
644 851 722 913 aliud
736 852 834 913 facere
847 853 986 932 possuntt
1008 851 1066 914 Sed
1081 853 1180 913 nescio
1197 870 1268 931 quo-

160 935 248 996 modo
263 938 343 1015 ipsae
358 934 423 998 illae
439 935 596 999 excludere
613 955 660 997 me
676 955 692 997 a
706 943 795 1015 portu
812 944 841 998 et
853 936 989 1016 perfugio
1000 937 1135 1001 videntur
1147 943 1176 998 et
1186 939 1267 1016 quasi

160 1020 350 1100 exprobrare,
366 1021 445 1103 quod
461 1024 490 1082 in
508 1041 540 1082 ea
555 1022 611 1082 vita
628 1040 778 1091 maneam,
794 1023 825 1082 in
842 1040 899 1100 qua
915 1019 987 1082 nihil
1006 1023 1073 1082 insit
1088 1024 1144 1084 nisi
1159 1039 1267 1101 propa·

161 1107 238 1185 gatio
257 1107 413 1168 miserrimi
434 1108 583 1185 temporis,
618 1106 672 1167 Hie
694 1114 727 1167 tu
749 1125 784 1168 ea
800 1106 903 1168 abesse
922 1125 971 1168 mc
991 1107 1065 1168 urbe
1084 1109 1214 1177 miraris,
1236 1109 1267 1167 in
1289 1115 1309 1171 4

161 1209 219 1268 qua
239 1190 343 1254 domus
364 1189 438 1252 nihil
454 1191 599 1252 delectare
619 1193 725 1272 possit,
748 1209 895 1252 summum
921 1193 958 1252 sit
979 1190 1078 1252 odium
1095 1199 1268 1272 temporum,

160 1275 321 1349 hominum,
338 1276 408 1347 fori,
424 1277 542 1338 euriae?
572 1276 673 1357 ltaque
688 1279 730 1337 sic
745 1274 850 1337 litteris
864 1285 946 1348 utor,
960 1278 991 1337 in
1007 1276 1113 1355 quibus
1128 1295 1270 1339 consumo

161 1377 248 1420 omne
264 1369 394 1441 tempus,
406 1379 465 1422 non
481 1369 514 1423 ut
529 1361 565 1422 ab
581 1362 616 1422 iis
632 1362 807 1423 medicinam
823 1368 1009 1440 perpetuam,
1023 1363 1074 1423 sed
1089 1369 1122 1424 ut
1136 1364 1269 1440 exiguam

162 1444 335 1508 oblivionem
361 1445 470 1508 doloris
497 1454 603 1526 petam.
647 1445 759 1519 Quodsi
781 1447 811 1508 id
840 1449 1001 1524 egissemus
1028 1465 1082 1525 ego
1112 1456 1198 1528 atque
1224 1455 1308 1518 tu‚5

163 1530 241 1608 quod
268 1548 305 1591 ne
327 1532 356 1591 in
375 1538 505 1593 urentem
530 1528 649 1612 quidem
669 1529 754 1591 nobis
779 1531 913 1592 veniebat
937 1539 1059 1611 propter
1085 1533 1269 1611 quotidianos

162 1622 375 1686 metus,.omne
394 1623 509 1696 tempus
523 1634 582 1678 una
597 1617 767 1687 fuissemus,
789 1633 886 1693 neque
902 1635 948 1676 me
964 1615 1097 1677 valetudo
1111 1624 1161 1677 tua
1179 1618 1269 1678 offen-

161 1700 245 1762 deret
259 1718 353 1782 neque
368 1707 396 1762 te
411 1720 528 1764 maeror
542 1720 635 1764 meus.
658 1700 743 1772 Quod
758 1708 900 1782 quantum
914 1702 979 1763 fleri
989 1703 1097 1780 poterit
1109 1719 1270 1780 consequa·

162 1803 238 1847 mur.
278 1785 354 1857 Quid
369 1788 448 1848 enim
464 1794 507 1848 est
520 1788 638 1866 utrique
653 1794 786 1848 nostrum
804 1785 917 1866 aptiust
948 1785 1123 1864 Propediem
1140 1798 1169 1848 te
1183 1788 1271 1864 igitur

162 1870 275 1932 videbo.
704 1905 708 1912 ·

613 2043 814 2053 m

496 2189 541 2258 M.
558 2188 748 2257 TULLIUS
764 2190 937 2256 CICERO.

178 2380 186 2385 .
246 2334 359 2399 llarous,
372 2334 420 2391 der
431 2333 504 2391 Sohn
518 2335 625 2392 Ciceros
637 2334 692 2392 und
706 2334 894 2409 der'ferentia,
906 2335 1001 2392 wurde
1014 2336 1049 2391 im
1060 2337 1084 2391 l.
1095 2340 1129 2391 uo
1141 2337 1270 2410 gehoren.

163 2419 215 2475 lter
229 2418 323 2482 Vates,
344 2418 394 2476 der
415 2419 461 2475 ihu
482 2420 594 2477 aartlieh
609 2420 705 2483 lichte,
727 2420 835 2483 leitete,
854 2438 885 2476 so
900 2423 967 2476 weit
985 2422 1040 2476 ihm
1054 2422 1112 2477 dies
1131 2423 1205 2478 aeine
1216 2424 1271 2478 Zeit

165 2510 327 2576 gestattete,
350 2502 437 2560 selbst
457 2504 500 2559 die
516 2502 627 2560 Studien
642 2505 689 2561 des
703 2504 830 2567 Knaioeu,
851 2508 900 2561 mit
914 2505 975 2561 dem
990 2505 1120 2573 Quintus,
1134 2507 1183 2562 der
1197 2506 1271 2562 Sohn

163 2585 444 2655 desQuintusCioero,
460 2604 614 2645 zusammen
629 2589 835 2663 heraugebildet
848 2591 954 2646 wurde.
981 2590 1059 2646 lieide
1073 2589 1178 2663 folgten
1193 2593 1270 2647 ihren

162 2672 261 2727 Vatern
276 2674 312 2728 im
326 2673 349 2728 J.
362 2676 394 2727 51
410 2673 478 2729 nach
492 2672 602 2730 Cilicien
617 2675 671 2730 und
685 2676 757 2731 aucis
769 2675 829 2731 hier
842 2675 957 2731 wurden
972 2675 1015 2731 die
1031 2674 1158 2745 Studien,
1175 2675 1272 2732 beson-

162 2758 225 2814 ders
246 2764 327 2814 unter
348 2758 396 2815 der
409 2756 525 2831 Leitung
546 2758 594 2815 des
608 2758 765 2833 Dionysius,
791 2762 866 2815 eines
885 2758 1030 2832 gelehrten
1047 2758 1271 2833 llreigelassenen

139 2836 143 2841 “
163 2842 211 2897 des
226 2843 348 2906 Atticus,
370 2843 542 2916 fortgesetzt.
578 2844 615 2913 lm
630 2844 828 2917 Burgerlxriega
849 2844 935 2916 folgte
949 2844 1055 2900 timeus
1075 2846 1178 2901 seinem
1191 2844 1273 2901 Vater

163 2927 219 2982 und
233 2927 354 3001 lampfto
367 2929 405 2983 im
420 2926 506 2984 lleere
520 2928 569 2983 des
583 2928 744 3001 Pompeius,
759 2928 802 2985 his
815 2928 864 2984 der
878 2917 1067 3001 ungldclxliche
1080 2931 1210 3003 dusgang
1224 2931 1272 2986 der

162 3008 496 3084 pharsalischenSchlacht
510 3012 558 3067 ihn
573 3012 622 3067 mit
636 3013 695 3068 dem
710 3013 791 3069 Vater
806 3014 873 3070 nacla
884 3013 1054 3069 Brundisium
1069 3014 1269 3071 zuruclrfdhrte.

162 3094 295 3153 Naohdem
309 3096 353 3152 die
367 3096 423 3152 Ehe
444 3098 534 3155 seiner
547 3096 641 3153 liltern
654 3095 710 3169 (46)
726 3104 856 3172 getrennt
876 3098 989 3154 worden
1004 3098 1059 3154 und
1073 3101 1108 3153 im
1127 3099 1270 3173 folgenden

162 3180 243 3237 lehre
263 3183 338 3237 scine
353 3179 509 3239 Schwester
525 3180 612 3239 'fullia
631 3182 779 3255 gastorben
800 3199 873 3245 war,
896 3184 992 3239 seinte
1012 3202 1044 3239 er
1064 3183 1122 3240 sich
1143 3201 1192 3240 aus
1211 3185 1271 3241 dem

163 3265 321 3323 elterliohen
336 3265 425 3322 llause
439 3282 502 3337 weg
517 3267 572 3322 und
586 3268 653 3340 ging
664 3269 714 3322 mit
727 3267 922 3339 Einwilligung
936 3268 1084 3324 desVaters
1098 3269 1166 3325 nach
1173 3271 1270 3334 Athen,

163 3365 208 3403 wo
224 3365 254 3403 er
271 3349 417 3407 besonders
432 3351 483 3406 den
499 3351 683 3425 Philosophen
698 3352 841 3425 Cratippus
856 3353 941 3408 hdren
957 3351 1047 3409 sollte.
1083 3353 1155 3408 liber
1168 3354 1211 3409 die
1227 3354 1272 3408 he-

164 3432 316 3489 deutenden
337 3434 575 3508 Geldsendungen,
594 3436 636 3491 die
658 3436 707 3491 der
726 3436 808 3492 Vater
827 3436 883 3491 ihm
904 3436 1025 3510 zugehen
1044 3437 1126 3500 ‘liess,
1147 3454 1191 3494 um
1212 3439 1271 3494 dem

163 3516 253 3575 Soloe
276 3518 354 3575 einen
375 3520 625 3592 standesgemassen
646 3520 781 3577 Aufwand
800 3520 918 3593 moglich
940 3540 975 3579 zu
995 3522 1122 3586 maolren,
1143 3522 1271 3580 brachten

163 3715 224 3767 dem
231 3715 329 3769 Tusci.
339 3714 568 3771 eineAcadernie.
583 3745 614 3755 -
630 3718 698 3785 puid
747 3716 805 3785 obj.
821 3738 853 3762 =
870 3718 916 3773 die
933 3718 1033 3772 Zeiten
1049 3718 1113 3773 siud
1129 3720 1181 3773 mir
1201 3739 1272 3789 ganz

108 3781 115 3792 ‘
164 3780 268 3851 dicam]
287 3784 383 3837 Ueber
404 3784 449 3838 die
467 3784 615 3854 occupatio
633 3804 655 3839 s.
673 3784 694 3837 Ι.
746 3786 804 3840 und
816 3786 1016 3853 gar'verhasst.

163 3856 187 3903 3.
206 3855 229 3905 1.
779 3858 803 3907 5.
821 3857 851 3906 id
860 3852 1024 3923 egissemus]
1036 3856 1096 3909 Den
1108 3857 1271 3924 Gedanlum,

742 3921 841 3975 immor
856 3923 1024 3975 beisammeu
1041 3940 1076 3975 zu
1098 3924 1172 3993 sein,
1195 3926 1272 3978 hatte

196 3986 222 4041 4,
244 3984 313 4053 Hic]
342 3984 427 4039 Unter
449 3989 542 4041 diesen
564 3988 692 4044 Umstri'n-
744 3989 790 4041 die
813 3990 935 4057 trigliclre
958 3990 1079 4056 Fureht,
1104 3991 1132 4043 in
1157 3994 1208 4044 der
1231 3994 1272 4045 sie

164 4052 230 4119 don,
252 4052 299 4105 bei
316 4053 409 4107 dieser
426 4054 502 4123 Lago
520 4056 570 4109 der
587 4056 692 4125 Dinge3
743 4056 919 4123 schwebten,
938 4056 1016 4109 nicht
1027 4059 1204 4111 nufkommen
1215 4060 1272 4111 las—

163 4120 218 4174 wie
247 4120 298 4173 wir
327 4138 411 4175 unser
439 4124 477 4175 da
500 4124 692 4191 gebrauchen:
743 4126 999 4179 sem—valetudo.
1024 4124 1063 4191 [V
1082 4125 1100 4176 l.
1120 4126 1273 4193 d.Anfong

163 4186 249 4253 „Una
259 4190 296 4241 da
310 4192 452 4243 mundaret
467 4192 506 4243 du
522 4192 614 4244 dicii.“
627 4190 691 4259 Vgl.
743 4192 792 4245 des
805 4192 1051 4258 vorhergehenden
1063 4143 1184 4244 itriefes.

164 4254 243 4309 111.
263 4260 288 4309 7.
304 4260 328 4309 2.
365 4266 516 4327 temporum
532 4258 597 4326 eto]
619 4258 690 4311 Gen.

934 4310 1085 4406 *ἶ*-
1143 4310 1148 4317 ,
