3000 4650
523 267 551 322 T.
567 265 754 323 POMPONIUS
768 265 916 322 A'lTlCUS.
1000 313 1006 320 .

571 428 750 491 Errsronn
764 425 863 490 XIII.

558 551 673 608 CICERO
706 551 827 608 ATTICO
855 551 883 607 S.

250 686 281 747 Si
303 688 381 746 forte
402 686 499 745 rarius
513 683 566 743 tibi
589 701 667 743 ame
689 700 776 761 quarn
796 701 812 742 a
835 684 941 743 ceteris
965 681 1080 744 litterae
1100 684 1275 757 redduntur,
1298 693 1315 754 1

161 779 232 851 pcto
249 779 322 841 ate,
340 778 372 831 ut
387 769 416 829 id
430 786 490 828 non
508 768 596 828 modo
611 765 807 845 negligentiae
827 785 926 838 meae,
952 768 1004 829 sed
1030 786 1067 828 ne
1092 772 1278 848 occupationi

163 854 427 935 quidem,tribuas;
442 871 518 933 quac
533 853 589 913 etsi
603 868 719 912 summa
733 860 786 922 est,
801 857 900 912 tamen
914 850 993 918 nulla
1006 871 1070 914 esse
1082 859 1179 931 potest
1189 861 1278 925 tanta,

164 949 196 1002 ut
209 941 406 1018 interrumpat
420 939 475 997 iter
493 938 602 997 amoris
616 937 710 996 nostri
723 942 754 996 et
767 935 854 996 officii
874 937 941 997 mei.
978 936 1066 1007 Nam,
1081 945 1114 998 ut
1134 940 1201 999 veni
1220 940 1279 1000 Ro·

163 1043 252 1092 nram,
270 1026 379 1084 iterum
394 1039 474 1082 nunc
489 1039 555 1082 sum
570 1021 680 1081 certior
699 1021 794 1081 lactus
810 1037 884 1090 csse,
901 1021 948 1081 cui
960 1021 1061 1082 darem
1077 1019 1203 1092 litteras;
1224 1025 1278 1085 ita-

164 1128 229 1188 que
245 1109 300 1168 bas
319 1105 427 1169 alteras
448 1106 524 1167 dedi.
567 1104 720 1165 Prioribus
746 1103 801 1164 tibi
829 1103 987 1175 declaravi,
1014 1106 1154 1168 adventus
1178 1114 1279 1170 noster

164 1193 258 1272 qualis
272 1192 376 1253 luisset
395 1198 425 1251 et
445 1192 495 1269 qui
518 1195 596 1250 essct
609 1195 701 1250 status
720 1194 808 1268 atque
824 1207 927 1250 omues
942 1206 991 1251 res
1010 1198 1128 1252 nostrae
1139 1192 1279 1270 quemad·

163 1278 286 1338 modum
300 1283 408 1346 essent,
422 1275 498 1337 utin
515 1272 660 1344 secundis,
676 1273 788 1342 durae,
808 1275 885 1333 utin
900 1274 1042 1344 adversio,
1058 1274 1164 1337 bonae.
1209 1277 1279 1337 Post
1299 1283 1318 1344 2

164 1361 228 1422 illas
249 1361 330 1422 datas
349 1359 461 1421 litteras
477 1365 577 1420 secuta
594 1366 638 1419 est
655 1374 771 1418 sumina
794 1359 942 1419 contentio
964 1359 1114 1422 dedomo.
1150 1361 1281 1422 Diximus

167 1445 247 1524 apud
263 1445 416 1525 pontifices
433 1444 528 1522 pridie
545 1441 609 1503 llal.
628 1441 783 1504 Octobres.
825 1442 896 1502 Acta
916 1461 965 1504 res
982 1450 1025 1504 est
1042 1453 1179 1506 accurate
1194 1464 1210 1506 a
1227 1463 1280 1506 no-

165 1531 221 1599 bis,
236 1539 264 1590 et
279 1530 304 1589 si
316 1547 448 1609 unquam
462 1529 493 1588 in
508 1525 633 1588 diceudo
650 1526 759 1586 luimus
776 1524 895 1605 aliquid,
911 1529 1070 1600 autetiam,
1084 1529 1110 1588 si
1128 1547 1281 1608 nunquam

166 1615 238 1675 alias
251 1613 375 1683 fuimus,
393 1621 454 1675 tum
470 1612 604 1690 proiecto
625 1609 736 1671 doloris
757 1611 927 1688 magnitudo
943 1612 1003 1671 vim
1025 1612 1171 1690 quandam
1196 1613 1281 1674 nobis

166 1699 282 1759 dicendi
303 1698 390 1759 dedit.
425 1697 527 1777 ltaque
548 1697 642 1755 oratio
661 1696 802 1756 iuventuti
821 1703 940 1756 nostrae
964 1695 1066 1756 deberi
1087 1713 1147 1756 non
1167 1704 1279 1775 potest;

167 1802 255 1863 quam
268 1781 331 1851 tibi,
348 1784 435 1842 etiam
450 1783 549 1842 sinon
564 1779 722 1849 desideras,
737 1787 837 1842 tarnen
852 1780 966 1840 mittam
986 1782 1052 1840 cito.
1094 1780 1166 1842 Cum
1182 1782 1277 1858 ponti·
1301 1788 1319 1850 3

166 1869 237 1929 lices
252 1868 422 1928 decressent
436 1867 485 1936 ita,
502 1884 533 1926 s1
549 1885 657 1933 neuun
677 1884 792 1926 eorum
814 1883 908 1927 maso
929 1885 1033 1933 anona
1055 1884 1165 1926 enarra
1188 1885 1282 1928 scruu

166 1971 285 2028 1s,ou1
308 1971 344 2012 su
366 1969 546 2011 nemorosa
568 1968 722 2022 monnau,
748 1969 928 2010 nomnium
946 1971 979 2010 n1
999 1970 1054 2010 aar
1078 1967 1282 2014 anenneorua

167 2055 281 2111 esser,
302 2055 407 2103 nsoun
422 2053 538 2098 eorum
552 2052 643 2095 russo
658 2052 721 2094 nur
736 2051 847 2094 rueme
865 2052 960 2094 soron
975 2053 1008 2092 11)
1023 2052 1146 2094 aeonae
1169 2053 1281 2097 rursus

167 2139 404 2195 decennnium
417 2137 516 2180 rossa
533 2137 606 2178 ame
619 2135 873 2178 nummorum
893 2134 1022 2178 elenen
1042 2136 1148 2178 annun
1172 2139 1209 2178 ur
1229 2139 1282 2180 aa·

170 2225 284 2279 suuni,
298 2203 370 2263 mibi
382 2203 457 2263 iacta
469 2203 565 2262 statim
582 2206 626 2261 est
637 2199 792 2278 gratulatio
802 2234 837 2245 -
847 2218 935 2260 nemo
946 2202 1024 2262 eninr
1038 2200 1198 2274 dubitabat,
1211 2204 1282 2282 quin

170 2290 275 2350 domus
282 2287 368 2348 nobis
377 2295 454 2349 esset
466 2285 681 2348 adiudicata—:
694 2300 763 2345 cum
771 2283 868 2345 subito
876 2282 961 2346 illeiu
968 2287 1135 2348 contionem
1142 2288 1281 2357 escendit,

169 2390 259 2452 quam
267 2372 379 2450 Appius
390 2371 511 2431 eidedit,
532 2370 653 2430 Nuntiat
662 2368 859 2447 inanipopulo
867 2370 1282 2448 pontificessecundumsedc·

170 2455 306 2524 crevisse,
313 2472 361 2515 me
368 2460 466 2515 autern
472 2456 500 2514 vi
513 2454 615 2535 conari
625 2454 656 2513 in
669 2454 885 2531 possessionem
896 2454 1011 2524 venire;
1024 2453 1168 2525 hortatur,
1176 2463 1283 2519 utscet

169 2538 296 2616 Appium
311 2544 470 2615 sequautur
482 2545 512 2598 et
523 2555 606 2597 suam
614 2536 794 2599 Libertatem
809 2544 841 2599 ut
856 2537 1022 2599 defendant.
1050 2538 1104 2601 llio
1115 2558 1182 2601 cum
1195 2542 1282 2602 etiam

169 2622 212 2683 illi
222 2622 677 2699 infirmipartimadmirarentur,
685 2623 793 2700 partim
804 2622 964 2683 irriderent
975 2623 1103 2684 hominis
1115 2626 1281 2695 amentiam,

202 2824 385 2877 Emanxlll.
404 2821 540 2889 (datar.)
552 2822 611 2875 Der
620 2822 704 2875 Brief
753 2823 1114 2885 corentbolten“,·siesollte
1124 2825 1282 2879 alsMuster

169 2890 209 2943 iat
234 2899 309 2943 etwa
333 2891 416 2944 einen
434 2890 535 2942 Monet
552 2890 623 2942 nach
640 2891 701 2943 dem
753 2889 865 2942 dienen.

169 2958 420 3026 vorbergebeuden
438 2957 621 3025 gescbrieben
642 2957 699 3009 und
786 2962 811 3009 3.
829 2958 854 3008 ei
865 2974 952 3025 neque
964 2958 1077 3027 populi]
1091 2959 1145 3011 Die
1158 2959 1203 3011 lex
1216 2960 1282 3011 cto-

169 3025 701 3093 entbiiltgewiasernasseueineFort-
753 3024 800 3076 dia
823 3024 902 3077 batte
926 3026 1004 3078 nicht
1026 3026 1072 3078 die
1091 3026 1283 3095 Bestirnrnung

170 3101 291 3160 aetrung
303 3093 463 3146 desselben.
753 3092 908 3158 cntbalten,
922 3093 988 3145 dass
1001 3093 1046 3145 ein
1056 3094 1138 3146 Theil
1151 3095 1203 3147 der
1215 3112 1283 3148 area

206 3197 229 3243 1.
247 3193 407 3261 ,amata
424 3192 701 3246 farmanno
753 3159 988 3281 giorgi-stig
1004 3162 1281 3296 ,gggifgf‘tg

170 3258 703 3392 rili’'tuti’dlleiils‘li'ff
752 3294 1140 3430 itrtirciaaistat
1154 3297 1282 3417 attii

170 3392 265 3459 gliede
288 3392 422 3446 stebende
440 3395 577 3447 Prddicat
598 3394 702 3447 beiden
724 3420 740 3448 ι

171 3458 307 3511 Gliederu
328 3461 590 3527 gemeinschaftlich
607 3462 654 3515 ist.
667 3489 702 3498 —

171 3527 274 3578 ameria
286 3528 394 3593 nostri]
409 3545 509 3580 ansere
520 3528 703 3596 gcqenaeitr'qe

170 3594 260 3646 Liebe.
283 3624 316 3632 -
339 3596 457 3663 iterum]
482 3613 583 3649 rursus
604 3596 702 3648 tvdrde

172 3678 226 3714 nur
248 3679 349 3730 sagon:
378 3664 426 3716 leb
448 3664 518 3715 bade
539 3665 639 3716 wieder
656 3662 701 3714 Je-

170 3732 257 3782 mond
267 3732 422 3796 gefucdcn,
442 3748 473 3783 ao
486 3733 552 3784 dass
564 3731 611 3784 dic
624 3735 700 3784 erate

171 3798 241 3849 aber
267 3798 338 3850 auch
358 3800 421 3852 eine
443 3799 602 3852 mebriacbe
623 3798 701 3849 Wie-

171 3864 329 3933 derbolung
347 3866 436 3919 demit
451 3867 619 3920 bezeichnet
639 3866 700 3918 sein

169 3931 285 3985 kdnnte.

754 3458 786 3467 -
798 3430 829 3480 in
842 3430 995 3480 contionem
1004 3431 1136 3498 escondit]
1150 3431 1196 3485 die
1205 3432 1282 3485 Red-

753 3495 897 3548 nerbdbne
925 3496 1073 3565 besteige‘n
1099 3496 1282 3565 (escendere)

754 3580 799 3616 um
823 3563 886 3615 eine
905 3563 983 3618 Rede
1004 3582 1044 3622 ,an
1063 3566 1108 3618 die
1126 3566 1282 3619 Vollrsver—

754 3630 910 3698 sarumlung
931 3649 967 3685 zu
990 3632 1095 3688 hulten.
1130 3635 1283 3686 contionem

752 3700 822 3749 darc
832 3718 867 3743 =
879 3700 924 3750 dic
935 3699 1118 3761 (Erlaubnies
1133 3702 1197 3766 aur)
1207 3703 1283 3754 Rede

751 3766 845 3831 geben,
860 3767 912 3818 dae
929 3767 1007 3820 Wurt
1017 3769 1111 3834 geben.
1125 3797 1160 3809 -
1170 3771 1282 3838 Appius

751 3849 812 3885 war
822 3833 934 3887 Prdtor.
949 3862 981 3871 -
993 3838 1144 3889 secundum
1156 3837 1196 3904 sc]
1209 3839 1283 3889 nacla

752 3900 843 3951 aeiner
860 3902 979 3953 Aneicbt
993 3922 1029 3950 ==
1050 3904 1100 3969 fiir
1111 3905 1171 3957 ibn.
1192 3932 1219 3941 —
1239 3906 1283 3955 itit

752 3967 873 4087 infi'mll}
892 3969 976 4023 weiat
993 3972 1047 4023 auf
1060 3972 1219 4053 inunipop.
1231 3989 1282 4023 zu-

204 4036 229 4085 2,
259 4033 392 4086 Diximus
416 4036 494 4101 apud
517 4034 617 4101 pont]
646 4033 700 4086 Die
752 4035 831 4089 riiclr.
876 4037 1283 4107 chinnist=0bglercbsogar

171 4098 249 4153 Reda
265 4117 318 4170 pro
337 4103 417 4154 domo
436 4118 486 4153 aua
503 4102 539 4153 ad
550 4101 700 4169 pontifices
753 4102 1282 4175 diewankelrniithigeMengeibnver·

173 4165 701 4236 istuuserbalten.—dcberinonpot-
753 4168 860 4239 lachis,
885 4189 916 4225 so
941 4173 1020 4226 batte
1044 4173 1089 4225 ich
1113 4174 1167 4225 mir
1191 4174 1281 4239 (doch

174 4232 231 4302 eet]
255 4238 325 4302 „wir
343 4236 446 4303 dtirscn
464 4236 509 4289 dic
525 4236 601 4289 Rode
623 4237 701 4289 nicht
752 4238 838 4291 sebon
862 4239 978 4307 friiber)
1001 4258 1281 4309 vorgenommeu..·
1341 4258 1343 4261 ·

1037 4327 1081 4393 6*
