3000 4650
240 255 281 324 7'8
620 265 679 320 ιιι.
695 264 725 320 ιι.
741 263 843 320 urrsr.
860 265 960 319 o-m.

238 429 387 490 luctuosas
406 446 510 508 preces
532 447 588 490 nec
605 428 690 489 Sestii
713 436 938 508 ceterorumque
956 429 1099 506 promissa
1121 445 1177 488 nec
1195 445 1278 504 spem
1299 446 1347 488 ae·

237 515 478 576 rnmnosissimae
493 513 623 575 mulieris
630 513 785 574 'lorentiae
800 531 856 574 nec
871 513 1053 573 miserrimae
1070 510 1200 572 mulieris
1206 510 1347 574 Tulliolae

238 597 474 678 obsecrationem
489 606 518 660 et
530 596 632 659 fideles
645 596 758 659 litteras
771 605 847 658 tuas.
876 597 946 658 Mihi
961 596 1068 674 Epirus
1082 603 1132 656 aut
1148 598 1204 656 iter
1219 597 1255 657 ad
1270 596 1347 656 salu·

198 689 217 752 3
239 691 299 744 tem
316 681 397 744 dabit
410 690 461 744 aut
476 683 555 762 quod
570 683 676 761 scripsi
690 699 790 760 supra.
834 681 876 744 'le
891 699 944 742 oro
959 687 988 742 ct
1002 680 1135 752 obsecro,
1151 682 1184 742 Τ.
1193 681 1345 758 Pomponi,

236 768 262 828 si
276 785 325 828 me
338 766 476 828 omnibus
491 765 689 846 amplissimis,
707 766 867 829 carissimis
881 765 1157 845 iucundissimisque
1173 765 1263 826 rebus
1278 782 1347 842 per-

237 850 305 911 fidia
331 851 484 912 bominum
506 849 671 932 spolicium,
698 852 723 911 si
750 870 798 913 me
819 851 929 912 amois
954 849 1126 912 consiliariis
1145 848 1295 929 proditum
1317 855 1346 909 et

235 937 399 1015 proiectum
425 935 520 1004 videm
548 936 573 997 si
594 934 734 1014 intelligis
754 954 802 997 mc
824 941 973 1006 coactum,
994 942 1027 996 ut
1054 935 1119 1016 ipsc
1141 953 1190 995 mc
1218 941 1247 994 et
1263 949 1345 995 meos

235 1021 408 1099 perderem:
433 1026 466 1081 ut
480 1038 529 1081 me
544 1025 594 1081 tua
614 1020 818 1082 misericordia
833 1022 914 1082 iuves
931 1027 960 1080 et
975 1016 1115 1088 Quintum
1129 1017 1266 1088 tratrem,
1294 1018 1345 1097 qui

234 1111 332 1182 potest
354 1122 419 1166 esse
437 1103 548 1174 salurs,
572 1112 732 1176 sustentes,
754 1105 922 1168 Terentiam
943 1102 1112 1182 liberosque
1132 1121 1214 1164 meos
1233 1111 1343 1173 tueare,

233 1205 291 1256 me,
307 1189 333 1249 si
351 1196 437 1268 putas
451 1196 481 1250 te
497 1190 563 1251 istic
577 1191 717 1260 usurum,
734 1199 902 1268 exspectes,
917 1191 942 1250 si
957 1188 1063 1258 minus,
1078 1187 1195 1260 invisas,
1211 1188 1236 1247 si
1249 1194 1342 1268 potes

234 1271 363 1353 mihique
378 1290 414 1334 er
429 1291 501 1353 agro
519 1281 570 1335 tuo
586 1280 699 1336 tautum
716 1277 857 1354 assignes,
877 1281 1019 1352 quantum
1033 1290 1100 1334 meo
1115 1289 1241 1350 corpore
1255 1289 1342 1332 occu·

231 1357 299 1436 pari
320 1365 430 1436 potest,
453 1366 482 1420 ct
497 1375 607 1439 pueros
622 1361 658 1421 ad
679 1379 727 1422 me
742 1379 808 1421 cum
830 1359 935 1422 litteris
953 1375 1042 1440 quam
1062 1357 1191 1438 primum
1213 1363 1241 1418 et
1257 1372 1343 1435 quam

233 1440 404 1521 saepissime
417 1445 524 1507 mittas.
553 1443 617 1506 Dat.
634 1466 698 1507 xvr.
713 1444 776 1531 llal.
795 1444 896 1506 Octbr.

671 1577 852 1644 Er1sroua
863 1576 909 1642 X.

634 1702 751 1759 murno
771 1702 891 1759 arrico
914 1700 941 1756 S.

193 1805 212 1866 1
319 1813 380 1875 Etsi
394 1815 548 1893 diligenter
560 1815 597 1877 ad
613 1834 660 1877 me
675 1815 799 1888 Quintus
819 1817 911 1878 frater
927 1822 956 1877 et
970 1815 1046 1882 Piso,
1066 1831 1140 1892 quae
1156 1817 1251 1874 essent
1266 1817 1340 1879 acta,

232 1896 420 1973 scripserant,
444 1907 544 1960 tamen
570 1897 672 1961 vellem
692 1908 743 1962 tua
764 1910 793 1962 te
815 1901 968 1979 occupatio
995 1916 1054 1959 non
1075 1897 1258 1976 impedisset,
1281 1911 1340 1973 quo

230 1981 338 2052 minus,
352 1988 385 2043 ut
400 1984 555 2054 consuesti,
571 1984 608 2044 ad
623 2003 679 2055 me,
698 1985 768 2064 quid
783 1991 920 2064 ageretur
937 1991 965 2044 et
981 1982 1052 2064 quid
1066 1981 1254 2060 intelligeres,
1271 1995 1340 2056 per-

231 2064 386 2128 scriberes.
413 2067 460 2128 lle
475 2066 572 2130 adbuc
589 2067 725 2130 Plancius
738 2068 913 2131 liberalitate
930 2086 981 2128 sua
993 2067 1101 2128 retinet
1114 2067 1171 2126 iam
1187 2063 1340 2144 aliquoties

230 2158 368 2212 conatum
381 2153 426 2213 ire
444 2153 474 2212 iu
487 2152 620 2231 Epirum.
659 2153 733 2233 Spes
749 2154 861 2214 homini
878 2159 922 2214 est
934 2154 1039 2212 iniecta
1055 2168 1115 2211 non
1130 2150 1245 2216 eadem,
1265 2165 1339 2227 quae

230 2233 311 2304 mihi,
323 2253 410 2314 posse
428 2254 484 2297 nos
497 2254 556 2297 una
571 2238 732 2307 decederc;
748 2256 836 2318 qnam
853 2256 916 2300 rem
932 2235 987 2297 sibi
1000 2251 1107 2312 magno
1124 2233 1230 2294 honori
1243 2238 1341 2310 sperat

229 2313 304 2381 iore.
339 2319 397 2381 Sed
416 2321 489 2392 iam,
510 2341 578 2383 cum
600 2324 758 2385 adventare
779 2324 885 2385 milites
899 2321 1051 2389 dicuntur,
1070 2318 1235 2382 faciendum
1256 2315 1341 2379 nobis

231 2405 296 2473 erit,
313 2413 345 2465 nt
359 2404 396 2467 ab
414 2424 449 2467 eo
465 2406 657 2468 discedamus.
681 2408 765 2481 Quod
784 2427 850 2470 cum
867 2407 1017 2475 iaciemus,
1036 2405 1073 2465 ad
1088 2411 1117 2465 te
1132 2405 1229 2467 statim
1245 2402 1339 2462 mitte·

189 2482 209 2545 2
232 2506 312 2559 mus,
331 2498 364 2551 ut
377 2492 462 2560 scias,
479 2491 530 2553 ubi
543 2492 644 2553 simus.
687 2492 830 2553 Lentulus
851 2510 904 2553 suo
919 2494 947 2551 in
964 2508 1018 2552 nos
1034 2490 1144 2560 officio,
1161 2486 1240 2567 quod
1260 2494 1288 2547 et
1306 2503 1339 2547 re

229 2583 259 2635 ct
272 2577 425 2651 promissis
441 2583 470 2635 et
482 2573 587 2636 litteris
602 2574 745 2643 declarat,
770 2593 853 2655 spem
868 2575 952 2636 nobis
968 2573 1139 2635 nonnullam
1153 2572 1238 2633 allert
1252 2571 1338 2631 Pom·

227 2660 287 2737 peii
301 2658 466 2719 voluntatis.
504 2659 598 2736 Saepe
614 2660 692 2720 enim
708 2667 739 2720 tu
759 2660 795 2719 ad
814 2679 863 2720 me
878 2658 1020 2736 scripsisti
1036 2676 1103 2718 eum
1119 2664 1212 2717 totum
1228 2672 1292 2717 esse
1309 2656 1339 2715 in

226 2822 428 2876 febltvordem
437 2823 663 2893 Relativbriufig,
675 2842 759 2878 wcnn
807 2826 970 2891 begonnen,
994 2822 1023 2873 in
1041 2820 1247 2889 Dyrrhachium
1272 2821 1340 2873 aber

226 2890 351 2944 dissolbe
368 2891 454 2943 echon
471 2908 525 2944 vor
543 2892 604 2945 dem
629 2898 758 2963 eutspre-
807 2890 1066 2945 beendetwordeu.

226 2957 351 3011 cbendeu
369 2959 582 3011 Demonstrativ
600 2960 675 3013 steht
699 2960 756 3012 and
842 2963 866 3011 1.
884 2956 1031 3023 Plancius]
1046 2957 1097 3007 Cn.
1108 2953 1251 3017 Plancius,
1262 2954 1340 3017 Qua-

225 3024 275 3076 das
293 3026 418 3078 Verbum
443 3042 497 3077 nur
520 3026 622 3078 einmal
646 3035 757 3093 gesetzt
808 3033 868 3079 stor
884 3027 913 3077 in
926 3024 1127 3087 Macedonica,
1145 3022 1208 3072 kam
1225 3021 1276 3071 aul
1292 3019 1337 3071 die

224 3090 271 3143 ist.
296 3092 369 3159 Nep.
388 3092 457 3144 Cim.
471 3095 513 3143 13.
536 3093 650 3144 Cimon.
666 3094 757 3145 ,ἰποί-
807 3092 963 3145 Nachricht
974 3108 1029 3143 von
1043 3090 1157 3140 Ciceros
1169 3086 1297 3139 Ankunit
1308 3084 1338 3137 in

225 3158 595 3224 ditinecndemiaoidiom,
610 3176 693 3226 quom
724 3179 756 3212 a·
795 3158 1009 3227 Dyrrhachium
1033 3157 1136 3208 diesem
1159 3155 1189 3207 in
1211 3154 1338 3207 Trauer-

224 3232 274 3277 ter.
288 3252 321 3261 -
332 3242 390 3277 noa
402 3225 544 3292 deseram]
557 3226 690 3279 Deserere
700 3179 752 3280 be·
803 3227 939 3293 kleidung
956 3234 1097 3292 entgegen
1111 3223 1168 3275 und
1181 3222 1276 3275 fribrte
1289 3220 1337 3273 ibn

223 3292 352 3346 zeicbnet
368 3293 414 3345 ein
431 3292 663 3373 pilicbtwidriges
680 3297 753 3347 Ver·
804 3295 875 3347 nach
886 3291 1099 3358 Thessalonicb‚
1114 3306 1159 3345 um
1176 3291 1223 3342 ibn
1241 3290 1279 3341 im
1296 3289 1338 3343 ei-

223 3360 318 3414 lassen
329 3381 364 3408 τε
375 3362 520 3427 betruqen,
533 3362 673 3414 ocreitcla.
685 3361 751 3431 vgt.
804 3379 895 3430 geuen
906 3362 1004 3415 Hauee
1016 3376 1052 3412 zu
1062 3358 1265 3426 beherbergen.
1294 3356 1337 3410 Er

221 3429 245 3481 Ι.
258 3434 282 3481 3.
296 3433 320 3481 2.
339 3458 371 3467 -
388 3428 488 3495 Sentii]
505 3429 547 3481 Er
562 3447 623 3482 war
640 3430 753 3484 Tribun
803 3430 891 3482 boffte
908 3429 959 3482 mit
975 3428 1076 3481 Cicero
1096 3443 1252 3479 zusammen
1266 3424 1337 3477 nach

224 3496 618 3550 undarbeitetefdrCicero.
803 3499 872 3551 Rom
902 3496 1112 3549 aurriclrkebren
1143 3511 1178 3547 au
1215 3494 1335 3545 kdnncn.

256 3569 281 3616 3.
299 3581 355 3616 me.
368 3602 374 3615 .
385 3563 533 3632 exspectes]
546 3582 587 3616 ane
598 3566 697 3633 gebdrt
710 3565 752 3619 als
804 3565 870 3633 Vgl.
883 3566 903 3617 Ι.
918 3570 959 3618 33.

223 3632 327 3698 Object
337 3647 372 3683 au
384 3633 512 3684 uisurum
524 3647 551 3683 u.
560 3648 595 3684 au
607 3641 754 3701 exspecter.
837 3638 862 3688 2.
881 3630 1035 3698 Lentulus]
1051 3631 1082 3683 Ρ.
1096 3628 1247 3682 Cornelius
1260 3628 1335 3679 Leu-

223 3728 255 3737 -
267 3698 355 3765 istic]
371 3699 399 3750 d.
412 3699 430 3751 i.
444 3716 478 3750 au
491 3698 570 3765 Rom,
583 3718 627 3752 wo
639 3701 752 3753 Atticus
805 3701 882 3753 tulus
901 3700 1035 3769 Spinther
1054 3714 1113 3749 war
1131 3702 1163 3750 57
1186 3696 1252 3747 Cos.
1277 3691 1333 3745 und

222 3765 281 3817 sich
291 3766 417 3819 auibielt.
430 3768 522 3818 Wenn
535 3766 664 3821 derselbe
676 3768 755 3821 nicht
803 3768 934 3819 bemiilrte
946 3767 1005 3819 sich
1018 3765 1064 3817 fiir
1076 3764 1191 3827 Cicero,
1204 3762 1255 3817 der
1266 3757 1335 3811 boll-

222 3833 352 3900 glaubte,
366 3834 431 3886 dass
445 3832 546 3886 Cicero
558 3834 624 3886 bald
637 3836 755 3887 auraici·
803 3841 847 3899 te,
871 3836 935 3887 dass
959 3851 989 3886 cs
1007 3833 1061 3884 ibrn
1078 3832 1210 3899 gelingeu
1228 3826 1335 3892 warde,

220 3900 341 4019 {craten
358 3901 469 3966 wairde,
492 3900 576 3954 sollte
599 3919 630 3955 er
652 3904 699 3955 ibn
723 3903 753 3954 in
805 3902 968 3969 Pompeius,
987 3900 1056 3952 iiber
1079 3901 1132 3952 den
1155 3916 1186 3952 er
1202 3896 1335 3949 vielrer-

249 3968 328 4034 pirus
340 3968 490 4021 besucben.
806 3970 928 4035 mocbta,
946 3985 981 4020 uu
1003 3967 1161 4034 gcwiunen.
1184 3992 1218 4003 -
1235 3961 1334 4014 Metel-

805 4036 870 4103 los]
893 4037 929 4099 Q.
950 4035 1093 4087 Caecilius
1120 4032 1252 4087 Metellus
1275 4030 1335 4081 Ne-

254 4104 351 4155 Errsr.
369 4104 403 4155 X.
426 4102 498 4166 (696.
517 4103 573 4169 58.)
596 4105 655 4157 Der
672 4105 757 4157 Briei
804 4120 854 4171 pos
879 4104 957 4157 hatte
980 4102 1040 4156 sich
1063 4118 1139 4155 zwar
1167 4098 1263 4150 friiher
1292 4097 1335 4151 als

221 4167 260 4220 ist
283 4185 318 4220 au
343 4169 502 4223 demselben
520 4172 563 4224 'l'a
584 4191 599 4225 e
617 4172 670 4225 wie
687 4174 710 4225 l.
728 4178 753 4227 3.
804 4172 989 4225 Volkstribun
1004 4187 1093 4240 gagen
1107 4169 1166 4221 Cic.
1181 4164 1337 4235 leindselig

222 4234 406 4303 geechriebcn
425 4237 481 4289 und
504 4239 533 4290 in
577 4240 753 4294 bessalonich
804 4240 929 4308 gezeigt,
947 4232 1335 4307 svarjedochJ'etztalsCos.
