3000 4650
249 285 311 352 182
629 295 689 352 iis.
704 293 760 352 1111.
773 292 874 350 urisr.
891 295 973 346 1-4.

247 466 281 519 ut
294 473 385 538 supra
398 457 518 538 scripsi,
544 475 605 519 non
622 465 688 520 utar
703 476 738 521 ea
751 457 888 538 pluribus
901 457 1016 528 verbim
1041 458 1148 520 faciam
1167 457 1254 528 illud,
1280 459 1375 536 quod

247 559 348 604 meum
373 550 430 613 est,
456 548 489 604 ut
505 541 557 604 tibi
570 543 668 606 omnia
681 562 747 606 mea
764 543 882 614 officim*
902 543 1014 614 studia,
1039 560 1140 619 curas,
1169 542 1374 620 cogitationes
1475 572 1477 575 ·

246 625 404 707 pollicear,
427 644 502 707 quae
522 627 559 690 ad
572 634 654 690 tuam
668 626 786 690 laudem
800 635 829 690 et
840 626 964 706 gloriam
978 625 1179 706 pertinebunt.
1212 625 1373 696 Quamob-

246 728 312 774 rem
334 709 420 773 velim
445 707 501 773 tibi
523 713 563 774 ita
587 712 780 789 persuadeas,
800 730 849 774 me
864 725 933 774 cum
946 712 990 774 rei
1004 711 1141 789 publicae
1153 712 1263 794 pausa,
1284 729 1372 793 quae
1431 750 1437 755 -

247 795 319 856 mibi
334 796 391 857 vita
405 813 472 858 mea
486 803 530 858 est
544 797 655 868 carior,
670 803 734 858 tum
749 796 828 876 quod
841 795 897 857 tibi
912 797 968 874 ipsi
981 796 1095 858 faveam
1111 803 1253 876 tuamque
1266 794 1369 874 digni·
1475 852 1477 883 Ι

246 885 337 941 tatem
352 879 526 959 amplificari
542 879 642 952 velim,
659 881 715 943 tuis
730 880 850 961 optimis
860 879 1004 952 consiliis,
1026 877 1225 959 amplitudini,
1250 878 1369 960 gloriae
1475 886 1477 899 '

246 963 327 1026 nullo
341 961 407 1026 loeo
423 965 602 1028 defuturum.

681 1132 862 1198 Errsrons
876 1131 922 1197 Π.

454 1272 487 1329 lli.
504 1272 619 1332 CICERO
633 1273 660 1330 S.
676 1275 705 1330 ll.
719 1275 748 1331 D.
763 1272 871 1333 BRUTO
885 1273 952 1331 liti.
965 1269 1153 1331 cosbustu.

208 1392 226 1453 1
333 1384 434 1465 Lupus
448 1393 549 1450 noster
566 1406 633 1450 cum
646 1386 771 1451 Romam
787 1395 870 1450 serto
885 1388 933 1450 die
954 1387 1066 1450 diutina
1089 1387 1231 1458 venisset,
1254 1386 1365 1467 postri-

248 1469 295 1532 die
312 1487 359 1531 me
374 1489 460 1534 mane
476 1473 612 1536 convenit
626 1479 734 1553 tuaque
750 1472 821 1535 mihi
835 1473 972 1534 mandata
993 1470 1211 1550 diligentissime
1227 1472 1363 1551 exposuit

247 1561 278 1616 et
292 1552 405 1618 litteras
419 1555 556 1620 reddidit.
575 1555 661 1628 Quod
674 1558 747 1619 mihi
759 1565 841 1620 tuam
855 1556 1026 1636 dignitatem
1039 1555 1238 1627 commendas,
1255 1555 1362 1618 eodem

245 1645 380 1719 tempore
401 1643 534 1704 existimo
555 1650 584 1704 te
613 1641 686 1703 mihi
709 1659 806 1703 meam
831 1642 1001 1720 dignitatem
1018 1639 1243 1712 commendare,
1272 1658 1362 1719 quam

246 1723 416 1786 mehercule
431 1744 491 1787 non
504 1724 600 1788 habeo
618 1733 669 1786 tua
681 1727 838 1788 cariorem.
861 1727 960 1798 Quare
967 1725 1040 1786 mihi
1051 1725 1251 1803 gratissimum
1261 1724 1360 1794 iacies,

247 1809 272 1870 si
298 1807 482 1888 exploratum
502 1809 625 1872 habebis
644 1812 704 1872 tuis
725 1809 861 1872 laudibus
881 1809 962 1872 nullo
983 1809 1049 1871 loco
1065 1827 1121 1870 nec
1136 1807 1290 1871 consilium
1304 1827 1361 1870 nee

204 1895 227 1956 2
248 1893 378 1955 studium
392 1912 492 1955 meum
507 1894 684 1957 defuturum.
717 1893 792 1956 Cum
806 1893 917 1956 tribuni
931 1893 1028 1974 plebis
1048 1893 1222 1963 edixissent,
1244 1900 1361 1955 senmus

245 1977 362 2039 adesset
377 1995 404 2038 a.
424 1978 452 2040 d.
473 1977 717 2049 x111.iial.1an.,
743 1977 947 2057 haberentque
972 1980 1004 2038 in
1028 1979 1127 2038 animo
1154 1977 1192 2038 de
1215 1977 1361 2057 praesidio

247 2061 401 2124 consulum
417 2062 638 2142 designatorum
650 2062 780 2134 referre,
802 2081 981 2142 quamquam
1004 2068 1164 2123 statueram
1178 2063 1209 2123 in
1226 2070 1361 2122 senatum

244 2153 314 2208 ante
329 2145 394 2208 Kal.
409 2147 470 2208 lan.
486 2165 546 2209 non
559 2150 675 2219 venire,
701 2154 801 2209 tamen
822 2166 890 2209 cum
911 2165 947 2208 eo
967 2146 1015 2208 die
1036 2148 1101 2225 ipso
1126 2145 1252 2208 edictum
1273 2152 1359 2206 tuum

245 2231 433 2310 propositum
458 2240 550 2304 esset,
578 2231 660 2294 nelas
680 2249 745 2295 esse
766 2232 838 2293 duxi
852 2239 903 2293 aut
921 2232 962 2292 ita
976 2230 1080 2293 haberi
1094 2238 1246 2300 senatum,
1273 2228 1361 2291 uide

246 2315 306 2375 tuis
320 2314 424 2379 divinis
439 2316 470 2377 in
485 2315 712 2397 rempublicam
726 2317 839 2379 meritis
854 2316 1041 2379 sileretur-
1056 2314 1135 2396 quod
1147 2313 1258 2377 lactum
1274 2324 1359 2384 esset,

248 2400 305 2460 nisi
321 2418 374 2478 ego
389 2401 535 2463 venissem
550 2436 606 2472 -,
625 2408 689 2472 aut,
706 2404 793 2464 etiam
808 2402 833 2462 si
846 2399 917 2480 quid
930 2400 968 2463 de
982 2408 1011 2462 te
1022 2399 1186 2462 honorifice
1200 2399 1360 2467 diceretur,

202 2486 225 2548 ’3
249 2501 298 2546 me
319 2502 380 2545 non
403 2485 516 2549 adesse.
555 2486 656 2566 ltaque
674 2487 707 2546 in
729 2494 863 2547 senatum
882 2485 948 2547 veni
967 2503 1063 2546 mane.
1094 2484 1180 2555 Quod
1200 2492 1361 2546 comesset

246 2568 497 2643 animadversum,
520 2570 751 2651 frequentissimi
770 2577 923 2633 senatores
942 2576 1152 2632 convenerunt.
1184 2569 1265 2640 Quae
1280 2569 1316 2629 de
1330 2576 1360 2630 te

245 2652 277 2713 in
291 2662 396 2717 senatu
416 2656 542 2735 egerim,
571 2672 648 2735 quae
666 2656 697 2716 in
720 2656 855 2717 contione
872 2656 999 2717 maxima
1022 2653 1161 2724 dixerim,
1191 2653 1317 2715 aliorum
1330 2659 1359 2714 te

246 2908 388 2978 polusque
410 2906 562 2961 Romanus.
583 2934 616 2945 ·-
638 2913 706 2959 utar
729 2904 778 2973 ea]
828 2909 871 2959 44.
884 2906 911 2959 d.
921 2909 963 2958 20.
973 2903 1218 2971 Dec-adesset]
1227 2904 1358 2956 collected

247 2994 287 3029 sc.
296 2975 466 3029 hortatione.
479 2974 516 3027 So
527 2974 582 3027 wie
590 2974 780 3027 consolatione
830 2974 1020 3027 omacmmelu.
1032 3000 1066 3010 —
1078 2972 1111 3025 de
1122 2970 1282 3041 praesidio]
1301 2970 1328 3023 d.
1338 2970 1356 3022 i.

246 3044 291 3097 uti
312 3064 348 3089 =
370 3043 476 3094 tristem
493 3058 524 3094 so
541 3040 602 3095 bier
620 3042 780 3094 hortatione
830 3041 901 3094 iiber
924 3040 971 3093 die
993 3041 1146 3159 Trupgen,
1177 3039 1223 3091 die
1247 3038 1354 3091 Hirtius

247 3109 509 3164 utizemabnm.
832 3109 1068 3161 undPansazum
1102 3106 1265 3160 chutzedes
1279 3108 1354 3159 Scas-

281 3180 378 3229 Errsr.
391 3178 428 3227 II.
453 3176 525 3241 (710.
542 3174 598 3241 44.)
621 3178 681 3229 Der
699 3176 783 3229 Brief
831 3186 875 3229 tes
888 3174 1218 3237 erbultensollten.-ec
1231 3175 1277 3227 die
1287 3170 1355 3242 ipso]

248 3244 288 3299 ist
304 3244 386 3298 Ende
407 3244 562 3297 December
585 3242 781 3311 geschrieben.
833 3260 872 3297 au
895 3244 956 3296 dem
981 3242 1057 3309 Tuae
1075 3243 1187 3309 perede.
1201 3268 1229 3278 -
1243 3242 1359 3295 edictum

282 3316 308 3367 1.
326 3310 422 3379 Quod]
444 3310 541 3365 Wemr.
558 3310 623 3379 vgl.
641 3328 665 3363 z.
685 3311 725 3363 Π.
737 3313 780 3364 26.
833 3308 931 3379 tuum]
948 3310 1039 3362 worin
1051 3326 1083 3362 er
1096 3308 1235 3375 erlrlirte,
1253 3310 1359 3362 desset

247 3385 272 3433 3.
286 3410 318 3419 -
330 3381 423 3433 eodem
433 3384 553 3448 tempore
564 3376 626 3447 cet]
639 3378 698 3432 Der
710 3379 783 3433 Sinn
833 3377 949 3431 Gallien
972 3394 1063 3447 gegen
1086 3376 1227 3430 Antonius
1245 3376 1292 3429 tir
1308 3376 1358 3428 deu

247 3448 301 3501 isti
319 3465 350 3501 so
368 3446 408 3500 ist
425 3446 485 3499 dies
503 3449 620 3512 ebensc,
639 3447 681 3500 als
692 3448 783 3501 'werin
834 3447 924 3500 Sensi
934 3445 1096 3513 bebsupteu
1108 3444 1201 3500 wolle.
1224 3444 1298 3499 Phil.
1309 3442 1357 3495 111.

247 3516 294 3571 Du
307 3514 463 3569 mirmeine
480 3514 580 3583 eigeue
592 3513 669 3568 Ehre
687 3532 785 3569 anem·
832 3518 859 3567 4.
876 3517 902 3569 8.
929 3514 981 3567 boc
1000 3530 1064 3567 nero
1080 3529 1175 3565 recens
1190 3511 1310 3564 edictum
1325 3509 1357 3563 D.

248 3583 365 3703 gleblen
382 3581 518 3635 wolltest.
537 3612 569 3621 -
586 3582 672 3635 babeo
686 3620 694 3636 .
706 3581 783 3649 cun]
833 3582 933 3647 Bruti,
951 3583 1025 3649 quod
1040 3580 1139 3649 paullo
1156 3586 1222 3632 unte
1237 3578 1359 3647 proposi-

272 3669 355 3704 crum
368 3650 469 3703 babere
479 3670 515 3696 =
525 3650 610 3702 auertit
627 3650 732 3703 butten.
748 3676 784 3687 -
833 3656 894 3702 tum
910 3656 964 3713 est,
987 3655 1059 3701 certe
1073 3647 1185 3700 silentio
1201 3662 1259 3699 uon
1275 3651 1360 3715 potest

248 3720 424 3787 exploratum
436 3714 562 3837 1ιαῦἐᾶ
573 3734 598 3769 z.
610 3716 634 3769 1.
646 3720 674 3769 i.
686 3720 710 3770 l.
729 3715 783 3770 Bei
832 3715 993 3785 praeteriri.
1012 3716 1165 3768 Pollicetur
1177 3715 1248 3767 enim
1260 3731 1290 3766 se
1300 3728 1359 3782 pro·

251 3786 305 3839 den
318 3785 423 3839 Verbis
437 3786 485 3839 des
523 3784 709 3838 escbliessens
722 3784 782 3837 und
832 3784 953 3836 niodum
965 3781 1360 3836 Galliamretenturumicce-

248 3852 417 3906 Erkennens
439 3851 479 3905 ise
500 3852 578 3907 diese
594 3852 782 3920 Verbindung
831 3858 919 3905 natus
955 3850 1086 3919 opulipue
1102 3850 1222 3902 Romani
1243 3854 1361 3918 potestu-

249 3918 672 4002 biufig.-nullo-uec-neo]
687 3920 781 3972 Wenn
832 3926 894 3972 term
920 3868 1044 3970 opetum
1059 3924 1159 3970 nutum
1176 3916 1357 3986 reipublicae,

250 3989 303 4041 aui
312 4005 376 4041 erue
388 3986 554 4056 allgemeiue
562 3988 706 4056 Negatron
717 3987 782 4041 eine
831 3984 1360 4050 memoremsuonomiueimitutorempue

251 4054 508 4123 specielleAngebe
518 4056 568 4109 der
577 4054 725 4109 einzelnen
735 4071 783 4108 ne·
831 4054 979 4106 maiorum.
1039 4100 1041 4104 .

251 4122 346 4242 §rien
358 4122 458 4176 Theile
471 4122 557 4191 iolgt‚
576 4140 607 4175 so
625 4123 715 4177 beben
735 4122 782 4175 die
836 4163 839 4169 .
867 4126 891 4175 3.
905 4122 936 4173 ic
948 4120 1061 4190 senatu]
1075 4116 1359 4187 Drittephilippiscbe

282 4186 431 4255 egationen
446 4188 583 4243 einander
596 4188 674 4242 nicht
686 4190 745 4243 aui.
833 4188 922 4242 Rede.
935 4216 967 4225 -
979 4190 1011 4241 iu
1027 4186 1169 4255 contione]
1189 4185 1287 4239 Vierte
1303 4183 1362 4254 pbi-

285 4258 310 4307 2.
327 4255 435 4309 tribuni
450 4253 505 4324 pl.]
524 4256 554 4311 S.
573 4257 599 4309 d.
616 4256 693 4309 Einl.
714 4272 738 4313 z.
756 4256 783 4309 J.
834 4255 973 4325 lippische
985 4256 1074 4309 Rede.
