3000 4650
227 257 270 323 62
612 263 672 322 Lis.
688 264 706 321 Ι.
722 264 825 321 Eptsr.
839 268 957 321 22-25.

104 429 107 436 ’
189 423 190 426 ’
226 428 338 509 tibique
353 429 595 491 conservandum.
625 430 700 491 Cura
714 437 744 490 te
759 432 846 491 etiam
861 438 947 509 atque
963 430 1050 489 etiam
1066 428 1229 507 diligenter.
1259 428 1338 490 Vale.

187 520 207 579 2
230 514 344 593 Scripta
358 515 416 574 ianr
435 514 573 593 epistola,
586 513 705 576 Hermia
723 516 811 576 venit.
848 515 956 593 Accepi
978 520 1056 576 tuam
1079 513 1231 591 eptstolam
1250 514 1339 574 vacil-

225 597 352 659 lantibus
365 598 516 668 litterulis;
533 618 589 661 nec
603 601 726 671 mirum,
745 606 804 660 tam
823 600 905 678 gravi
919 597 1034 678 morbo.
1064 599 1127 676 Ego
1142 599 1178 659 ad
1200 605 1231 658 te
1245 598 1338 677 Aegy-

225 689 305 763 ptam
322 683 396 753 misi,
412 684 490 763 quod
506 699 562 745 nec
578 683 756 746 inhumanus
773 694 817 745 est
832 692 861 744 et
877 690 906 744 te
920 684 1000 743 visus
1012 691 1057 743 est
1072 681 1143 743 mihi
1159 682 1289 761 diligere,
1307 689 1339 743 nt

225 770 250 828 is
266 774 365 830 tecum
381 774 466 838 essct,
482 777 511 829 et
528 787 595 831 cum
614 788 650 831 eo
664 787 780 839 cocum,
796 788 855 849 quo
871 776 999 830 uterere.
1028 766 1106 829 Vale,

353 935 414 1014 tivi
612 934 793 1000 Eoisrom
813 934 947 998 XXIII.
1064 943 1095 1018 pt

230 961 347 1066 *W
401 1015 408 1052 ³
655 1040 914 1110 duramus
1007 977 1053 1049 '⁸⁸¹

188 1178 204 1235 1
312 1172 354 1233 De
370 1172 493 1245 Tirone,
511 1173 552 1233 mi
569 1172 682 1243 Marce,
704 1174 743 1233 ita
768 1181 796 1233 te
819 1190 977 1252 meumque
998 1172 1169 1234 Ciceronem
1193 1179 1222 1233 ct
1242 1191 1338 1233 meam
1398 1215 1410 1238 .

226 1256 380 1319 Tulliolam
398 1264 541 1336 tuumque
556 1256 648 1318 lilium
665 1257 789 1327 videam,
805 1262 838 1317 nt
852 1257 924 1317 inibi
939 1258 1135 1335 gratissimum
1150 1258 1253 1326 iecisti
1269 1276 1337 1318 cum

226 1360 303 1411 eum,
322 1342 473 1420 indignum
487 1341 537 1402 illa
553 1342 685 1412 fortuna,
708 1341 794 1402 nobis
813 1342 940 1402 anticum
958 1360 1046 1420 quam
1063 1359 1180 1403 servum
1195 1360 1260 1404 esse
1275 1360 1337 1402 ma·

225 1424 314 1487 luIsti.
345 1425 415 1487 Mihi
431 1426 535 1497 crede,
557 1428 614 1487 tuis
629 1432 659 1486 et
676 1423 754 1487 illius
769 1425 873 1487 litteris
892 1424 1045 1504 perlectis,
1062 1425 1166 1487 exsilui
1186 1427 1293 1503 gaudio
1309 1434 1338 1487 et

184 1513 203 1572 2
227 1509 281 1570 tibi
296 1517 325 1570 et
339 1528 395 1589 ago
410 1512 519 1588 gratias
533 1520 562 1572 et
577 1509 718 1589 gratulor.
754 1510 786 1570 Si
801 1511 879 1571 enim
894 1510 965 1570 milri
980 1510 1063 1570 Statii
1076 1509 1200 1571 fidelitas
1214 1517 1259 1572 est
1272 1518 1337 1571 tan-

224 1601 272 1655 tae
289 1594 444 1675 voluptati,
467 1596 568 1673 quanti
586 1613 650 1658 esse
668 1596 700 1654 In
716 1596 772 1655 isto
793 1594 867 1656 baec
881 1594 983 1656 eadem
998 1594 1075 1655 bona
1090 1594 1213 1663 debent,
1233 1594 1338 1660 additis

224 1677 345 1749 litteris,
362 1679 564 1750 sermonibus,
584 1678 776 1750 humanitate,
791 1697 866 1758 quae
882 1686 950 1740 sunt
964 1679 1010 1740 his
1022 1680 1093 1758 ipsis
1109 1679 1270 1740 commodis
1284 1698 1337 1758 po·

224 1763 314 1828 tiorat
349 1764 422 1825 hmo
443 1770 473 1825 te
491 1764 628 1826 omnibns
643 1764 780 1844 equidem
800 1765 934 1826 maximis
954 1764 1115 1834 decausis,
1132 1767 1336 1825 verumetiam

224 1857 348 1926 propter
368 1848 454 1918 hanc,
478 1847 523 1909 vel
538 1849 618 1926 quod
634 1848 707 1914 mibi
722 1849 774 1918 sic,
797 1856 831 1909 ut
845 1848 982 1918 debuisti,
998 1848 1145 1910 nuntiasti.
1180 1848 1222 1909 Te
1243 1855 1336 1909 totum

225 1932 255 1991 in
269 1930 374 1994 litteris
387 1933 455 1994 vidi.
486 1931 586 1996 Sabini
599 1935 700 2013 puects
715 1941 744 1996 et
758 1934 883 2013 promisi
903 1935 1001 1995 omnia
1019 1940 1050 1995 et
1062 1934 1177 1996 tactam

608 2099 788 2165 Errsronn
803 2098 956 2163 XXIIII.

334 2223 471 2280 rutilus
485 2223 596 2280 'l'llllllll
611 2222 758 2365 SU}‡.F11³³.
775 2222 932 2365 lpfllllpssglffl
947 2223 1032 2279 littus
1047 2224 1089 2279 ΕΤ
1103 2224 1235 2281 FRATER

757 2311 779 2365 Α
891 2353 897 2365 .

185 2444 202 2503 1
310 2438 412 2500 Paullo
426 2439 540 2502 facilius
554 2441 652 2518 putari
666 2457 754 2519 posse
768 2458 816 2500 me
830 2439 910 2500 ferre
926 2439 1105 2500 desiderium
1120 2442 1171 2511 tui,
1186 2440 1237 2501 sed
1250 2438 1342 2522 plane„

222 2540 282 2583 non
296 2523 373 2593 iero;
390 2531 420 2585 et
436 2542 614 2605 quamquam
629 2526 728 2602 magni
743 2525 780 2586 ad
794 2523 938 2593 bonorem
955 2531 1089 2586 nostrum
1103 2526 1234 2595 interest,
1247 2542 1335 2604 quam
1397 2524 1401 2527 “

223 2717 255 2728 -
273 2696 330 2742 tam
347 2691 428 2756 proni
444 2690 553 2758 morbo]
573 2691 615 2743 hei
632 2692 756 2743 cinereo
840 2695 866 2743 2.
888 2691 995 2759 b‘totic‘]
1022 2691 1131 2744 Statius
1155 2696 1215 2743 war
1238 2689 1336 2742 frdher

223 2759 359 2809 schweren
369 2759 532 2815 Krcnlcliet't.
556 2759 619 2812 Ahl.
632 2760 693 2812 aba.
706 2759 757 2811 mit
808 2758 909 2810 Sclave
930 2760 1004 2826 jetzt
1026 2758 1257 2825 Freigelasseuer
1285 2759 1335 2810 des

223 2825 311 2876 eioem
331 2825 441 2892 Adjeet.
461 2832 570 2880 unstatt
587 2827 665 2880 eines
684 2827 755 2879 Por·
807 2825 941 2888 Quintus.
954 2825 1134 2893 —fidelitoo]
1149 2825 1338 2878 anderedus-

221 2891 375 2961 ticipiums,
634 2930 641 2939 ·
806 2894 897 2960 gabea
910 2894 1015 2946 haben:
1033 2894 1159 2959 fidelitas
1175 2900 1202 2944 et
1212 2894 1336 2959 frupuli-

254 2961 615 3028 ua1s..xxl11.(roo.5t.)
628 2961 753 3024 Quintus
805 2969 858 3013 tas.
881 2989 913 2999 -·
935 2960 1074 3028 equidem]
1092 2961 1187 3013 Uebet
1209 2962 1264 3013 den
1281 2960 1337 3012 An-

221 3026 332 3078 schrieb
351 3027 448 3083 diesen
466 3029 550 3080 Briei
569 3046 622 3083 aua
638 3028 753 3082 Gallien
804 3029 914 3081 schlnss
937 3046 993 3083 von
1011 3028 1124 3096 quidem
1142 3045 1177 3080 au
1196 3029 1246 3081 das
1264 3029 1335 3081 Pro·

222 3111 258 3144 an
270 3095 367 3146 seiuen
381 3095 500 3155 Bruder,
514 3095 649 3148 nachdem
661 3113 693 3148 er
706 3096 752 3148 die
804 3113 903 3148 nomen
922 3114 940 3146 v
961 3096 979 3147 l.
998 3113 1022 3146 z.
1040 3096 1063 3147 Ι.
1083 3100 1125 3146 16.
1143 3099 1170 3146 1.
1190 3121 1225 3134 -
1248 3097 1287 3146 aie
1301 3123 1336 3133 -

221 3160 345 3227 Anzeige
362 3179 418 3214 von
436 3163 486 3214 der
502 3162 688 3230 Freilassung
699 3163 761 3230 'rt-¹
802 3114 961 3230 nuntiostfi
986 3163 1045 3213 Der
1062 3162 1146 3214 Brief
1166 3163 1214 3214 des
1233 3162 1334 3214 Cicero
1497 3124 1499 3201 l

220 3244 267 3280 ros
280 3228 417 3282 erhalten.
804 3248 839 3283 nn
853 3230 950 3283 seinen
960 3230 1071 3282 Bruder
1083 3230 1160 3282 hatte
1172 3229 1246 3282 wohl
1259 3231 1335 3282 mehr

255 3299 279 3347 1.
298 3295 357 3362 De]
377 3314 434 3349 acuo
451 3298 568 3362 detristi,
587 3297 641 3350 wie
653 3299 676 3350 Ι,
689 3303 712 3351 3.
726 3302 752 3351 3.
804 3298 858 3349 den
882 3298 998 3349 Freund
1022 3297 1063 3349 als
1087 3297 1142 3350 dou
1165 3297 1260 3350 Herrn
1284 3298 1334 3350 des

220 3390 252 3400 -
268 3364 311 3415 ita
324 3401 331 3416 .
345 3403 352 3415 .
366 3402 373 3416 .
386 3364 509 3430 uideam,
527 3372 561 3417 ut
577 3404 583 3419 .
601 3404 608 3418 .
626 3365 753 3432 ,fecisti]
803 3365 1038 3431 Freigelassenen
1063 3365 1206 3416 erkenneu
1230 3364 1334 3427 lassen,

220 3430 324 3498 Hdufig
352 3431 442 3484 findet
468 3431 528 3484 sich
552 3433 646 3485 dieser
670 3433 752 3498 Conj,
804 3432 891 3496 daher
916 3431 956 3483 Te
978 3438 1066 3484 tntum
1088 3458 1122 3468 -—
1144 3432 1204 3483 viat
1219 3452 1254 3477 =
1271 3433 1334 3484 dico

220 3503 310 3566 optut.
320 3499 644 3568 inBetlreuerungenbei
654 3500 698 3552 ito
710 3501 752 3550 oi-
802 3500 899 3565 sellu,
916 3516 989 3565 ponz
1001 3515 1041 3564 ao,
1053 3500 1104 3552 wie
1115 3501 1154 3551 du
1166 3500 1272 3551 bist*
1282 3500 1335 3550 Sa-

219 3583 294 3631 vum,
307 3568 421 3620 woruuf
437 3568 513 3620 daun
523 3575 557 3619 ut
568 3568 619 3620 mit
630 3568 690 3620 dem
703 3567 751 3619 In·
802 3565 877 3634 nint]
899 3568 969 3619 Was
989 3567 1050 3619 hier
1071 3567 1193 3634 gemeint
1215 3567 1271 3632 sei,
1295 3567 1335 3620 ist

219 3632 274 3685 dic.
286 3633 368 3701 folgt.
392 3635 473 3686 Olina
485 3635 568 3687 einen
577 3637 644 3688 Setz
657 3636 707 3687 mit
718 3642 752 3686 ut
801 3633 880 3687 nicht
890 3650 926 3686 zu
938 3634 1121 3687 entrtithselm

219 3700 316 3767 iolgen
328 3718 363 3752 an
381 3701 491 3768 lusson,
510 3702 635 3755 schreibt
647 3702 749 3754 Cicero
834 3704 1054 3755 ErrsrXXIIII.
1064 3703 1137 3766 (704.
1148 3703 1203 3766 50.)
1216 3701 1276 3754 Aur
1283 3702 1334 3753 der
1428 3766 1432 3769 ψ

218 3767 305 3831 (XVI.
323 3773 364 3820 20.
383 3785 419 3821 an
436 3769 520 3832 Tiro)
537 3770 687 3835 Sollicitat,
706 3770 749 3821 ita
800 3769 957 3821 Rtickreise
981 3785 1031 3820 aus
1056 3767 1177 3820 Cilicien
1201 3769 1264 3821 kam
1287 3769 1335 3820 ei-

218 3836 324 3901 vivom,
343 3853 384 3888 me
401 3842 453 3888 tuo
470 3838 609 3889 valetudo.
639 3838 749 3890 Ueher-
801 3853 866 3889 cero
889 3853 945 3889 von
968 3835 1060 3887 Athen
1084 3835 1155 3888 nach
1178 3837 1280 3888 Patrae
1303 3836 1333 3887 in

218 3910 309 3955 setae:
327 3904 363 3954 Sc
379 3905 458 3956 waler
474 3905 517 3956 ich
530 3904 749 3956 atat...seteo
800 3903 1258 3970 Achaja,wo'l¹irnaurriclrblieh.
1283 3903 1334 3955 Am

217 3971 334 4036 michte,
357 3972 423 4023 hcet
437 3973 477 4024 du
498 3988 526 4024 ιι,
541 3989 564 4026 a.
582 3988 617 4024 w.
641 3999 675 4010 -
697 3973 749 4023 illa
800 3972 995 4023 2.November
1004 3970 1092 4029 roiate
1102 3970 1203 4022 Cicero
1213 3987 1268 4023 von
1279 3971 1334 4024 Pa·

216 4036 356 4105 fortuna]
377 4039 467 4090 worin
492 4057 522 4091 er
546 4038 605 4091 sich
627 4056 680 4091 vor
698 4038 749 4091 der
800 4044 863 4091 trae
887 4038 988 4091 weiter
1018 4039 1074 4090 und
1098 4038 1211 4091 schrieb
1235 4038 1333 4091 diesen

218 4105 398 4159 manumissio
409 4106 569 4161 befand.·-
584 4106 746 4173 indipnum]
799 4106 883 4158 Brief
904 4123 947 4159 am
971 4111 996 4159 3.
1013 4107 1174 4161 November
1197 4106 1250 4158 auf
1271 4106 1333 4160 dem

217 4172 296 4225 Auch
320 4173 373 4227 wir
397 4189 497 4240 sagea:
521 4191 550 4223 er
573 4174 699 4226 cerdient
721 4191 750 4226 es
801 4174 898 4241 Wege.

217 4242 308 4308 nicht,
326 4240 354 4292 in
367 4249 462 4308 gutum
476 4241 532 4292 und
543 4242 635 4293 bdaem
649 4242 749 4299 Sinna,
835 4246 858 4296 1.
881 4243 919 4294 ad
939 4240 1085 4308 honorem]
1111 4241 1139 4293 d.
1164 4241 1182 4292 i.
1207 4241 1254 4293 itir
1278 4226 1352 4320 deul

1494 4309 1499 4415 i

1497 4446 1499 4519 t
