3000 4650
115 252 119 262 ‘
206 239 273 307 124
533 293 537 299 ,
589 245 650 303 LIB.
665 245 707 302 111.
723 245 827 352 misr.
843 249 926 302 7-8,

626 472 806 540 Eersroua
827 471 907 540 VII.

548 595 664 653 CICERO
677 596 707 652 b.
723 595 854 654 barinto
867 595 986 654 Patro.

166 733 186 795 1
284 727 359 788 INou
381 735 414 788 tu
434 727 524 787 homo
544 725 688 790 ridiculus
709 745 756 796 es,
779 727 844 806 qui,
867 746 934 788 oum
950 726 1060 789 Balbus
1079 735 1180 789 noster
1196 692 1280 805 apud
1295 735 1326 789 te

206 811 310 880 fuerit,
324 830 360 873 ex
373 830 422 872 me
437 828 572 890 quaeras,
588 812 660 890 quid
674 811 711 872 de
725 812 790 871 istis
804 812 971 890 municipiis
984 819 1012 873 et
1027 812 1105 890 agris
1120 812 1251 874 futurum
1269 829 1335 889 pu-·
1368 885 1373 888 ,

205 896 286 958 tem‘l
302 897 385 974 quasi
400 901 450 955 aut
464 913 520 974 ego
534 896 695 974 quidquam
709 897 811 964 sciam,
828 895 907 974 quod
922 897 977 958 iste
991 897 1118 966 neseiat,
1135 902 1200 966 aut,
1215 895 1239 954 si
1254 895 1325 973 quid

205 979 364 1059 aliquando
378 981 455 1048 seio,
472 997 532 1039 non
547 998 583 1040 ex
598 981 654 1038 isto
665 978 776 1041 soleam
792 980 877 1041 soire.
910 979 1003 1040 lmmo
1020 997 1108 1049 vero,
1130 979 1154 1039 si
1171 996 1325 1049 meamus,

204 1070 237 1124 tu
254 1065 316 1132 fao,
338 1072 372 1124 ut
386 1065 492 1130 seiam,
511 1064 582 1143 quid
602 1063 639 1123 de
654 1063 740 1123 nobis
755 1063 887 1124 futurum
904 1065 954 1132 sit:
979 1062 1109 1124 habuisti
1126 1064 1205 1124 enim
1223 1063 1254 1122 in
1273 1069 1325 1122 tua

204 1153 358 1228 potestate,
376 1165 412 1208 ex
427 1163 486 1224 quo
501 1144 547 1208 vel
562 1164 599 1206 er
614 1145 714 1206 sobrio
731 1145 776 1208 vel
792 1153 873 1207 certe
888 1165 924 1208 ex
934 1147 1018 1208 ebrio
1033 1148 1110 1207 seire
1122 1163 1234 1226 posses.
1266 1145 1324 1208 Sed

205 1248 261 1309 ego
275 1232 345 1300 ista,
362 1231 403 1289 mi
419 1229 527 1300 Paete,
542 1247 602 1290 non
616 1247 744 1307 quaero:
762 1232 906 1308 primum,
922 1233 990 1310 quia
1006 1231 1043 1292 de
1056 1229 1140 1291 luero
1156 1247 1252 1308 prope
1265 1231 1323 1292 iam

182 1380 187 1386 ,
204 1314 432 1393 quadriennium
447 1312 586 1387 vivimus,
607 1315 633 1374 si
647 1321 698 1374 aut
711 1314 769 1375 hoo
783 1312 900 1375 luorum
918 1321 963 1376 ost
977 1320 1027 1376 aut
1040 1313 1115 1376 haeo
1130 1315 1202 1384 rita,
1219 1331 1323 1392 super·

202 1399 301 1460 stitem
316 1399 361 1459 rei
375 1395 511 1476 publicae
524 1397 638 1467 virere3
658 1397 778 1468 deinde,
802 1397 881 1476 quod
896 1399 973 1459 seire
993 1415 1111 1478 quoque
1126 1397 1198 1458 mihi
1211 1396 1322 1468 videor,
1382 1453 1385 1460 ,

140 1506 149 1515 ·
203 1482 275 1560 quid
289 1483 421 1544 futurum
436 1482 483 1542 sit.
512 1481 577 1542 Fiet
593 1484 672 1542 enim
687 1483 886 1561 quodcunque
899 1480 1010 1552 volent,
1032 1483 1083 1561 qui
1095 1479 1249 1550 valebunt;
1274 1499 1322 1542 va·

202 1564 306 1626 lebant
320 1573 419 1626 autem
437 1577 555 1642 semper
570 1583 661 1626 arma.
692 1565 769 1626 Satis
780 1566 871 1644 igitur
885 1564 971 1626 nobis
987 1582 1052 1626 esse
1064 1565 1162 1637 debet,
1180 1564 1323 1645 quidquid

164 1655 185 1716 2
208 1651 395 1718 oonoeditur;
410 1650 468 1710 hoo
482 1651 573 1727 siqui
590 1652 651 1729 pati
666 1667 726 1709 non
739 1651 845 1729 potuit,
861 1651 938 1710 mori
953 1649 1063 1711 debuit.
1091 1649 1243 1710 Veientem
1258 1650 1322 1728 qui·

202 1735 271 1795 dem
285 1750 390 1811 agrum
401 1730 434 1794 'et
449 1733 626 1812 Capenatem
641 1735 820 1802 metiuntur;
835 1734 893 1794 hoo
906 1751 967 1794 non
980 1732 1068 1812 longe
1082 1732 1166 1794 abest
1181 1733 1321 1794 a'l'usou-

133 1824 140 1833 ’
201 1817 279 1878 lano.
308 1816 387 1878 Nihil
399 1823 500 1878 tamon
514 1818 620 1886 timeo;
636 1817 736 1888 lruor,
753 1817 823 1878 dum
838 1816 923 1888 lioet;
939 1824 1024 1894 opto,
1041 1823 1074 1878 ut
1091 1833 1209 1895 semper
1224 1815 1320 1877 liceat.

202 1902 234 1962 Si
249 1901 277 1962 id
290 1903 389 1962 minus
405 1901 572 1976 eontigerit,
591 1906 700 1970 tamen,
717 1903 856 1986 quoniam
875 1918 929 1979 ego
945 1901 990 1961 vir
998 1899 1089 1986 ‘fortis
1103 1901 1241 1979 idemque
1255 1899 1321 1978 phi·
1351 1941 1352 1947 κ

118 2046 123 2056 ,
201 1984 344 2063 lusophus
357 1986 456 2046 virere
470 1983 705 2063 pulcherrimum
720 1986 799 2052 duxi,
814 2000 876 2044 non
889 2001 1012 2063 possum
1028 2002 1095 2046 eum
1110 2001 1172 2044 non
1188 1983 1319 2064 diligere,

202 2072 287 2130 ouius
297 2068 441 2130 beneficio
452 2069 482 2129 id
496 2076 672 2130 consecutus
682 2087 759 2130 sum.
786 2066 843 2138 Qui
854 2069 880 2127 si
894 2067 993 2146 oupiat
1004 2086 1068 2130 esse
1079 2085 1145 2130 rem
1160 2065 1318 2146 publioam,

202 2152 322 2230 qualem
336 2154 460 2213 sortasse
475 2158 505 2213 et
521 2150 572 2212 ille
586 2152 649 2212 vult
667 2159 698 2214 et
711 2169 815 2214 omnes
830 2158 934 2230 optare
949 2151 1107 2223 debemus,
1129 2151 1199 2230 quid
1222 2151 1318 2220 iaciat,

159 2241 181 2304 3
203 2245 301 2297 tamen
316 2253 377 2296 non
387 2236 491 2304 bahem
506 2237 545 2296 ita
557 2253 590 2297 se
604 2255 673 2297 oum
689 2236 788 2298 multis
804 2234 958 2314 colligavit.
989 2235 1049 2298 Sed
1065 2235 1181 2314 longius
1195 2252 1320 2313 progre-

201 2321 281 2390 dior;
298 2319 396 2381 scribo
412 2321 491 2383 enim
506 2320 542 2382 ad
559 2327 596 2383 te.
628 2320 693 2381 Hoo
707 2329 807 2382 tamen
817 2321 905 2390 soito,
920 2338 981 2381 non
996 2321 1084 2382 modo
1099 2338 1164 2391 me,
1181 2321 1232 2398 qui
1249 2337 1334 2393 oon·¹

200 2404 272 2467 siliis
298 2423 360 2465 non
379 2406 540 2475 intersum,
565 2405 617 2467 sed
637 2422 675 2466 ne
696 2408 793 2483 ipsum
812 2404 931 2485 quidem
952 2405 1117 2483 prinoipem
1132 2406 1224 2473 seire,
1241 2402 1320 2483 {quid

201 2490 332 2551 futurum
349 2490 394 2549 sit.
426 2488 487 2549 Nos
501 2490 581 2549 enim
596 2488 637 2549 illi
652 2491 810 2558 servimus,
833 2490 897 2567 ipse
910 2488 1112 2568 temporibus:
1133 2490 1173 2549 ita
1189 2506 1246 2548 neo
1259 2486 1317 2556 ille,

200 2573 271 2652 quid
286 2579 419 2651 tempora
433 2572 616 2649 postulatura
627 2574 700 2643 sint,
716 2590 773 2633 neo
788 2590 857 2643 nos,
874 2572 944 2652 quid
958 2572 1006 2633 ille
1021 2574 1144 2651 cogitet,
1160 2574 1236 2636 sciro
1249 2588 1318 2649 pos·

90 2720 94 2724 ,
200 2675 312 2717 sumus.
343 2656 424 2719 Haeo
440 2656 495 2718 tibi
513 2664 600 2717 antea
615 2673 676 2718 non
690 2658 847 2734 resoripsi,
861 2674 922 2718 non
933 2674 998 2735 quo
1012 2661 1143 2717 cessator
1161 2674 1226 2717 esse
1241 2653 1318 2716 sole-

198 2757 279 2809 rem,
297 2740 480 2817 praesertim
492 2742 526 2802 iu.
537 2739 656 2810 litteris,
673 2740 732 2811 ,sed
752 2758 821 2801 oum
836 2740 982 2819 explorati
997 2738 1071 2801 nibil
1084 2740 1242 2809 haberem,
1262 2752 1318 2799 nee

197 2821 252 2884 tibi
278 2820 504 2886 sollicitudinem
529 2843 565 2885 ex
586 2823 769 2886 dubitatione
792 2841 859 2886 mea
879 2842 935 2885 neo
957 2841 1040 2902 spem
1061 2842 1098 2885 ex
1123 2824 1319 2901 affirmatione

198 2908 306 2968 afferre
318 2906 408 2969 volui.
436 2907 513 2969 lllud
530 2916 629 2969 tamen
647 2907 829 2978 adscribam,
844 2907 924 2988 quod
939 2914 984 2969 est
996 2908 1192 2978 verissimum,
1207 2924 1255 2969 me
1271 2904 1318 2967 his

178 2991 384 3069 ›temporibus
397 2992 493 3051 adhue
507 2991 544 3052 de
555 2993 613 3051 isto
627 2991 762 3070 periculo
779 2991 852 3053 nibil
868 2988 993 3054 audisse.
1025 2991 1072 3052 'l'u
1086 3002 1185 3053 tamen
1194 3008 1251 3069 pro
1267 2996 1317 3051 tua
1336 3015 1344 3039 ·.

196 3076 343 3153 sapientia
361 3073 484 3147 debebis
500 3081 605 3153 optare
625 3076 750 3153 optima,
774 3068 904 3157 cogitare
918 3074 1103 3144 dillloillima,
1127 3075 1207 3135 lerre
1224 3090 1315 3152 quae*
1352 3128 1355 3133 .

197 3176 317 3236 ouuque
333 3164 430 3219 erunt.

231 3325 329 3378 Emer.
339 3324 402 3378 VII.
418 3324 492 3391 (708.
501 3323 560 3389 46.)
577 3324 637 3377 Der
648 3322 733 3377 Brisi
817 3328 842 3377 1.
855 3322 994 3392 habuisti]
1008 3340 1049 3378 so.
1058 3323 1188 3377 Balbum.
1199 3350 1235 3361 -
1245 3321 1317 3379 moti

197 3390 292 3443 istim
310 3390 422 3459 August
438 3390 634 3459 gesobrieban.
658 3391 732 3445 Pae·
782 3390 891 3458 debuit]
913 3390 945 3443 in
962 3391 1015 3444 der
1026 3391 1160 3445 Soblaobt
1180 3390 1249 3443 oder
1261 3388 1316 3443 wie

196 3463 245 3511 tus
256 3458 335 3511 batto
347 3474 535 3525 vernommen,
546 3459 611 3512 dosa
622 3458 731 3513 Caesar
783 3458 856 3511 (lato
870 3457 960 3511 duroh
972 3458 1071 3526 eigene
1083 3458 1178 3511 Hand.

198 3525 271 3586 naeb
288 3524 384 3579 sainer
396 3524 547 3580 Rbolrkehr
567 3525 731 3579 surtirias
815 3530 841 3581 2.
858 3524 1024 3592 metiuntur]
1040 3525 1162 3579 nimlicb
1174 3522 1313 3583 aierem·

196 3591 510 3659 Acbervertbeilungen
527 3609 563 3644 uu
582 3593 661 3646 aeine
673 3594 733 3646 Ve-
761 3608 888 3646 -messar
901 3593 1032 3649 Caesare.
1045 3621 1080 3631 -
1090 3594 1231 3645 ita..-eunr
1243 3588 1315 3643 mul-

196 3666 316 3713 toroneu
340 3659 514 3717 vornebmeu
536 3659 641 3727 nolle,
671 3660 730 3712 und
781 3658 836 3727 tia]
849 3677 900 3727 „ao
912 3661 977 3713 reba·
989 3662 1040 3713 bat
1051 3677 1082 3717 er
1093 3660 1152 3711 siole
1163 3660 1215 3711 mit
1226 3658 1315 3738 alelen

196 3726 354 3791 frirolrtete,
378 3727 445 3780 dass
470 3725 541 3779 anob
564 3726 619 3779 ibm
641 3727 729 3780 sowie
780 3726 934 3779 Menoeten
945 3726 1122 3790 verstrielrt,“
1139 3726 1206 3780 dass
1224 3742 1256 3778 er
1268 3725 1314 3777 dre

196 3793 253 3848 den
271 3792 601 3873 Stidtenut'iampuniens
617 3792 729 3847 Aeolrer
779 3794 910 3847 Freibeit
921 3794 972 3847 deu
985 3792 1133 3846 Handelns
1149 3790 1315 3861 eiugebdast

195 3860 730 4007 pgqqrqrpffiaeppgless'bgilquzbniffi
780 3860 841 3981 hag.
859 3912 1083 3995 principebus:
1100 3926 1261 3981 Caesarem.
1280 3951 1313 4004 3-
1382 3938 1396 3946 ‘

197 3994 341 4047 Geruolrte
350 3995 471 4047 Wabres
482 3994 533 4049 sei.
552 3995 654 4048 Cicero
666 4001 730 4048 aut·
782 3995 816 4047 de
832 3995 887 4047 tato
904 3993 1045 4075 periculo]
1071 3994 1118 4048 die
1136 3994 1243 4047 Paetus
1266 3993 1314 4043 fur

196 4060 377 4125 wortetibm‚
390 4060 662 4116 dubdtteerbesser
674 4062 729 4116 den
781 4061 860 4115 seina
878 4060 1058 4116 Laudereien
1074 4060 1263 4115 beffirohtete.
1280 4084 1314 4096 -

196 4126 305 4178 Balbus
338 4128 380 4187 uls
399 4145 431 4180 or
447 4128 495 4181 ibn
508 4128 557 4182 bei
568 4128 628 4182 siob
640 4129 728 4197 butte,
780 4130 904 4194 sonitore
919 4129 998 4197 diff]
1013 4132 1066 4183 das
1077 4128 1250 4181 Soblr‘nturete
1269 4132 1318 4177 e'r·

196 4166 433 4259 fragenldnuen.
780 4202 896 4251 werten.
