3000 4650
566 275 599 330 M.
615 273 753 332 TULLIUS
767 275 850 332 lind.
1221 267 1263 332 61

152 451 263 507 musste,
279 461 324 501 wo
339 443 394 500 ibm
410 443 459 500 der
473 445 607 501 rdmisclre
622 444 709 500 liitter
725 444 758 499 ll'
773 443 886 506 Curius,
905 444 950 500 eiu
964 441 1203 499 Gesohanstreund
1217 442 1265 499 des
1296 465 1299 470 ·

156 531 271 599 Atticus,
292 529 348 585 und
363 529 411 584 der
426 529 539 585 Grieclre
553 530 633 602 Lyso,
649 528 728 585 Reide
743 527 922 584 Gestircunde
938 528 1027 584 seinos
1042 527 1139 599 Herm,
1155 528 1267 583 lrenod-

153 614 223 670 liobe
243 613 393 670 dulnobme
412 613 580 685 gewdhrten.
621 613 693 670 Naclr
715 613 804 668 seiner
825 611 1106 685 Wicderberstcllung
1125 612 1215 668 diente
1235 628 1265 667 cr

154 701 202 754 mit
229 699 278 754 der
298 697 426 754 lrriberen
452 697 725 770 Selbstauloplernng
753 697 805 752 deo
825 697 978 753 luteresscn
1002 696 1134 759 Cicero's,
1156 696 1208 752 den
1235 714 1266 752 er

155 781 302 920 dberiebte.
333 781 368 838 Er
383 799 442 838 war
457 783 525 838 auclr
538 781 577 836 als
589 780 788 838 Schriltsteller
802 780 890 853 thatig
905 781 959 836 und
974 781 1129 838 hinterliess
1144 782 1266 837 mebrerc

154 867 220 922 Wer
240 882 262 922 e.

611 1015 763 1024 ——-.--

561 1107 741 1177 Errsrouu
756 1110 855 1175 XXI.

555 1237 692 1294 TULLIUS
707 1237 817 1293 TIRONI
832 1237 858 1292 S.

238 1367 382 1428 Andricus
397 1369 537 1446 postridie
561 1368 596 1429 ad
622 1386 669 1428 me
696 1369 789 1437 venit,
811 1385 898 1446 quam
920 1375 1133 1446 exspectaram.
1152 1367 1267 1444 'ltaque
1287 1375 1302 1432 1

154 1451 244 1512 lrabui
260 1459 375 1512 noctem
391 1452 509 1530 plenam
524 1454 639 1514 timoris
653 1471 689 1512 ac
703 1454 848 1513 miseriae.
891 1452 962 1512 'luis
976 1451 1081 1512 litteris
1095 1451 1187 1511 nihilo
1201 1469 1268 1511 sum

154 1537 247 1598 iactus
261 1537 378 1606 certior,
394 1537 541 1614 quomodo
556 1543 586 1597 te
600 1535 735 1604 babercs;
751 1537 803 1596 sed
818 1543 915 1597 tamen
930 1554 995 1597 sum
1011 1544 1171 1596 recreatus.
1204 1535 1266 1611 Ego

155 1622 235 1680 omni
250 1619 441 1682 delectatione
465 1621 628 1700 litterisque
649 1620 786 1681 omnibus
807 1638 908 1691 careo,
933 1637 1006 1699 quas
1027 1627 1109 1690 aute,
1130 1638 1216 1698 quarn
1238 1628 1267 1679 te

154 1704 264 1774 videro,
283 1705 425 1784 attingere
444 1723 503 1766 uon
518 1723 649 1784 possum.
684 1704 798 1766 Medico
819 1703 980 1772 mercedis,
997 1711 1138 1782 quantum
1154 1712 1265 1781 poscet,

154 1789 286 1867 promitti
306 1789 423 1860 iubeto;
444 1790 473 1850 id
496 1791 601 1870 scripsi
621 1789 657 1850 ad
672 1791 826 1850 Ummium.
862 1788 955 1849 Audio
976 1794 1005 1848 te
1028 1789 1126 1848 animo
1147 1789 1215 1864 angi
1237 1795 1265 1846 et
1287 1793 1307 1854 2

155 1872 301 1934 medicum
316 1874 415 1935 dicere
430 1892 465 1934 ex
481 1892 516 1935 eo
530 1881 559 1935 te
574 1873 718 1936 laborare.
763 1874 795 1935 Si
809 1892 857 1934 mc
873 1873 979 1949 diligis,
1002 1873 1095 1933 excita
1111 1891 1147 1932 ex
1160 1890 1265 1932 somno

155 1967 218 2018 tuas
238 1956 350 2018 litteras
373 1958 658 2038 humanitatemque,
685 1964 809 2037 propter
834 1975 922 2038 quam
944 1957 1015 2018 mibi
1036 1975 1068 2017 es
1089 1958 1267 2017 carissimus.

154 2040 239 2102 Nunc
253 2059 328 2120 opus
343 2048 387 2104 est
406 2050 433 2103 te
448 2044 545 2104 animo
560 2043 667 2113 valere,
682 2049 716 2104 nt
729 2060 856 2122 corpore
870 2043 974 2121 possis.
1001 2041 1034 2102 ld
1049 2059 1117 2101 cum
1131 2049 1190 2111 tua,
1206 2048 1268 2101 tum

154 2145 221 2188 mea
236 2145 324 2187 causa
339 2126 437 2196 iacias,
453 2145 467 2187 a
490 2134 519 2189 tc
535 2135 612 2207 peto.
648 2128 786 2188 Acastum
808 2128 912 2196 retine,
933 2143 993 2205 quo
1012 2126 1195 2185 commodius
1215 2124 1269 2183 tibi

155 2212 346 2272 ministretur.
371 2212 517 2273 Conserva
531 2219 558 2272 te
571 2212 656 2272 mihi:
673 2211 734 2272 dles
744 2212 960 2289 promissorum
973 2209 1066 2277 adest;
1082 2227 1170 2289 quem
1182 2210 1268 2268 etiam

155 2295 401 2373 repraesentabo,
427 2298 452 2357 si
473 2295 634 2358 adveneris.
672 2295 769 2357 Etiam
793 2303 881 2376 atque
903 2297 989 2356 eliam
1014 2292 1087 2355 vale.
1128 2315 1177 2355 111.
1201 2293 1270 2354 ldus

156 2379 229 2440 bore
245 2400 287 2441 vr.

910 1147 994 1233 1th

559 2544 738 2612 Errsronu
754 2546 870 2612 XXII.
1017 2610 1019 2615 .

545 2670 682 2729 rutum
711 2671 822 2729 rmum
850 2643 893 2729 s
940 2616 1028 2715 Ur*

216 2610 348 2713 tlrU’U

241 2801 370 2883 Aegypta
387 2801 423 2863 ad
439 2820 485 2863 me
504 2803 582 2864 venit
598 2804 693 2882 pridie
708 2803 777 2864 ldus
790 2802 914 2883 Apriles.
957 2801 984 2862 ls
998 2802 1052 2863 etsi
1066 2800 1136 2862 mibi
1151 2801 1267 2861 nuntia·
1290 2810 1308 2868 1

156 2888 197 2947 vit
214 2893 242 2946 te
259 2886 345 2966 plane
368 2884 445 2947 febri
465 2905 567 2948 carere
589 2894 618 2949 et
638 2886 714 2949 belle
735 2886 861 2956 habere,
877 2893 990 2956 temen,
1016 2886 1094 2964 quod
1112 2887 1227 2961 negavit
1240 2891 1268 2945 te

157 2972 287 3051 potuisse
303 2971 340 3031 ad
355 2989 402 3032 me
417 2970 558 3044 scribere,
581 2989 683 3033 curum
699 2974 738 3032 mi
757 2970 860 3042 attulit,
879 2978 909 3033 et
927 2989 962 3031 eo
980 2972 1083 3047 magis,
1100 2970 1179 3048 quod
1195 2969 1270 3030 ller-

157 3056 230 3125 mia,
247 3072 336 3134 quem
353 3055 457 3116 eodem
476 3056 522 3116 die
537 3057 637 3118 venire
657 3064 839 3133 oportuerat,
861 3073 922 3116 uon
940 3063 1069 3117 venerat.
1103 3051 1269 3114 Incredibili

158 3156 224 3199 sum
240 3138 434 3201 sollicitudine
451 3141 487 3202 de
501 3148 550 3201 tua
566 3139 746 3208 valetudine;
763 3159 820 3219 qua
832 3142 858 3199 si
870 3158 918 3201 me
929 3139 1070 3207 liberaris,
1084 3155 1139 3215 ego
1151 3146 1179 3199 te
1190 3139 1270 3198 omni

92 3222 98 3231 “
158 3240 229 3283 cura
244 3222 387 3285 liberabo.
417 3224 505 3285 Plura
519 3224 691 3295 scriberem,
713 3226 738 3285 si
753 3227 811 3285 iam
827 3233 962 3303 putarem
975 3223 1112 3284 lubenter
1127 3231 1156 3283 te
1170 3222 1270 3299 legere

157 3324 254 3385 posse.
283 3308 437 3385 Ingenium
454 3316 553 3379 tunm,
571 3309 649 3387 quod
670 3326 725 3387 ego
741 3310 861 3370 maximi
879 3309 969 3379 lucio,
985 3308 1086 3369 conlcr
1101 3307 1138 3367 ad
1153 3314 1182 3367 te
1198 3305 1270 3367 mibi

162 3530 166 3535 ·
191 3508 286 3559 Emer.
296 3508 370 3559 XXI.
388 3508 459 3573 (700.
468 3508 520 3572 54.)
538 3508 596 3561 Der
609 3508 692 3561 Briel
738 3508 766 3559 d.
779 3508 799 3560 i.
811 3506 857 3561 die
869 3505 1075 3575 Leutseligkeit
1086 3506 1142 3559 und
1156 3506 1271 3559 Heiter·

157 3574 197 3626 ist
208 3574 392 3643 gescbriebeu
402 3591 445 3627 am
456 3575 595 3643 lntprit.
618 3574 688 3627 'I'iro
740 3574 800 3627 licit
811 3574 849 3626 im
858 3574 1014 3642 Umgmge,
1027 3574 1073 3626 die
1085 3591 1117 3626 er
1129 3574 1271 3626 verlcreu.

158 3658 218 3694 wer
231 3642 368 3694 erlrrankt
380 3641 436 3694 und
449 3640 550 3695 Cicero
562 3642 691 3696 ermebnt
739 3670 773 3679 —-
784 3640 997 3709 promissorum]
1010 3641 1111 3695 Cicero
1123 3641 1271 3694 melundas

159 3708 563 3762 ibnfiirseiueGesundheituu
577 3725 688 3775 surgen.
740 3709 801 3762 dem
817 3708 888 3761 Tiro
904 3710 1048 3777 gegebene
1064 3710 1271 3777 vereprecuen,

193 3778 217 3827 1.
239 3777 380 3829 Andricus
397 3794 457 3831 war
474 3775 542 3842 (wie
560 3778 688 3841 Acastus,
740 3776 795 3829 itm
819 3794 854 3829 au
878 3776 969 3829 einum
991 3777 1167 3830 bestimmten
1192 3777 1271 3843 Tage

157 3845 282 3911 Acppptc
300 3843 356 3895 und
373 3842 502 3911 Hermia)
524 3844 569 3897 ein
587 3843 690 3897 Sclove
741 3844 787 3896 die
799 3844 927 3897 Freibeit
938 3860 972 3896 zu
986 3846 1136 3897 schenken.

159 3910 284 3965 Ciceros.
309 3939 341 3949 -
368 3909 519 3979 Ummium]
538 3918 619 3965 const
637 3927 689 3964 uu·
773 3914 869 3963 Emer.
879 3913 966 3965 XXII.
977 3912 1047 3978 (700.
1060 3913 1116 3976 54.)
1127 3911 1274 3964 DerBricl

157 3980 293 4032 bekannt.
739 3978 780 4032 ist
790 3980 861 4032 kurz
871 3978 942 4031 ueclr
952 3978 1014 4033 dem
1023 3980 1270 4047 verborgebenden

148 4036 158 4113 Ι
193 4050 218 4101 2.
236 4046 329 4099 animo
347 4044 429 4111 cupi]
450 4062 488 4097 an
504 4044 690 4099 Melcucltolc'c
741 4047 934 4113 gesclrrieben.

148 4112 259 4167 'Isidem
288 4114 326 4165 So
339 4112 415 4165 stelit
431 4128 549 4179 cuperes
566 4114 612 4165 fiir
630 4114 689 4165 Mc·
774 4114 913 4180 lubenter]
934 4113 984 4164 mit
1004 4113 1181 4180 Verpndpcn,
1199 4113 1270 4166 ohne

159 4181 304 4233 lcocbolie.
327 4179 383 4232 Off.
397 4179 433 4231 Il.
448 4183 470 4231 l.
481 4184 506 4232 2.
527 4197 576 4232 nec
587 4198 628 4231 me
640 4197 690 4232 an·
741 4179 806 4232 (less
824 4181 870 4233 dir
880 4182 931 4234 dus
944 4181 1037 4233 Lesen
1049 4182 1135 4249 listig
1147 4181 1228 4233 uird.
1238 4206 1270 4218 ·-

160 4248 273 4312 poribus
285 4248 388 4301 dedici.
416 4277 444 4283 -
469 4246 687 4315 humanitatem]
739 4247 1270 4316 [opertionem]Vgl.d.vor.Br.§2.
