3000 4650
420 264 424 270 ’
525 279 552 335 c.
569 230 757 336 sonnomus
772 278 877 335 cumo.

560 490 741 554 Eersrons
756 489 837 554 XX.

477 615 511 670 bi.
527 613 643 671 cronno
657 615 683 670 S.
699 616 728 671 b.
744 615 772 670 C.
787 615 926 672 cnutoni.

229 745 411 827 Quamquam
425 765 473 806 me
489 747 610 807 nomine
624 744 820 824 negligentiae
836 755 1003 826 suspectum
1019 747 1073 808 tibi
1083 765 1148 808 esse
1159 746 1253 817 doleo,
1277 754 1295 814 1

144 842 244 895 tamen
260 850 321 892 non
337 841 397 893 tam
412 831 486 891 mibi
500 829 657 891 molestum
671 829 727 890 luit
742 832 875 892 accusari
890 831 943 892 abs
959 838 987 892 te
1002 831 1131 893 officium
1146 851 1255 901 meum,

144 935 231 998 mam
247 915 408 981 iucundum
422 916 549 994 requiri,
563 915 738 994 praesertim
756 933 837 986 cum,
856 917 889 978 in
902 934 970 994 quo.
980 915 1154 998 accusabar,
1171 916 1257 995 culpa

142 1019 288 1072 vacarem,
304 1002 336 1060 in
350 1018 408 1081 quo
423 1006 523 1061 autem
538 997 707 1060 desiderare
721 1005 751 1059 te
762 999 948 1076 significabas
958 1019 1039 1062 meas
1050 1000 1169 1072 litteras,
1186 1019 1257 1080 prae

143 1094 174 1146 te
188 1086 283 1148 terres
298 1093 487 1163 perspectum
506 1083 580 1144 mihi
599 1082 719 1163 quidem
740 1084 793 1144 sed
816 1091 915 1146 tamen
938 1085 1055 1147 dulcem
1075 1093 1105 1146 et
1125 1092 1257 1164 optatum

146 1188 278 1231 amorem
293 1178 385 1234 tuum.
419 1167 564 1249 Equidem
579 1168 728 1228 nemiuem
744 1170 944 1248 praetermisi,
970 1187 1059 1250 quem
1079 1169 1199 1250 quidem
1221 1169 1257 1230 ad

142 1260 174 1316 te
189 1261 400 1334 perventurum
420 1260 572 1332 putarem,
595 1252 643 1311 cui
657 1251 771 1312 litteras
789 1270 850 1313 uon
870 1252 1013 1315 dederim.
1053 1252 1170 1314 Etenim
1191 1257 1256 1333 quis

146 1347 190 1400 est
204 1345 266 1399 tam
283 1341 315 1398 in
331 1337 488 1398 scribendo
503 1337 638 1414 impiger,
655 1353 743 1414 quam
759 1339 832 1414 ego?
858 1338 883 1398 Α
896 1345 925 1400 te
940 1356 1009 1400 vero
1023 1337 1070 1398 bis
1085 1345 1167 1400 terve
1177 1357 1256 1400 snm·
1289 1341 1292 1348 “

144 1442 227 1484 mum
249 1430 279 1484 et
290 1440 340 1483 eas
354 1421 518 1502 perbreves
533 1421 645 1499 accepi.
682 1421 789 1491 Quare,
817 1423 842 1482 si
863 1423 982 1500 iniquus
1003 1441 1034 1484 es
1048 1424 1080 1482 in
1097 1441 1145 1484 me
1158 1423 1256 1492 iudex,

146 1506 351 1569 condemnabo
366 1507 471 1566 eodem
486 1523 541 1584 ego
554 1511 583 1566 te
598 1505 739 1574 crimine;
756 1507 802 1565 sin
818 1524 866 1567 me
881 1506 911 1566 id
926 1508 1025 1568 lacere
1039 1505 1131 1578 noles,
1143 1515 1173 1568 te
1184 1507 1257 1568 mibi

144 1609 272 1669 aequum
295 1589 440 1670 praebere
465 1587 596 1665 debebis.
643 1588 702 1649 Sed
724 1589 761 1650 de
786 1588 890 1650 litteris
912 1591 1068 1660 hactenus
1093 1610 1154 1652 non
1180 1593 1257 1653 enim

145 1693 271 1744 vereor,
286 1694 325 1736 ne
341 1692 401 1734 uon
421 1672 580 1735 scribendo
597 1680 626 1733 te
648 1673 795 1752 expleam,
816 1677 989 1754 praesertim
1007 1676 1076 1734 siin
1091 1694 1126 1735 eo
1147 1691 1257 1752 genere

145 1760 276 1820 studium
290 1778 390 1821 meum
405 1776 466 1819 non
480 1756 688 1836 aspernabere.
725 1757 787 1835 Ego
802 1765 830 1818 te
849 1758 955 1820 aluisse
969 1758 1082 1820 tamdiu
1098 1778 1113 1820 a
1129 1757 1214 1820 nobis
1227 1768 1255 1821 et
1276 1764 1295 1824 2

145 1843 243 1913 dolui,
260 1843 340 1924 quod
360 1843 443 1904 carni
467 1843 565 1903 lructu
588 1842 817 1904 iucundissimae
842 1844 1076 1912 consuetudinis,
1102 1850 1131 1904 et
1153 1840 1256 1912 laetor,

147 1928 228 2005 quod
242 1928 349 1990 absens
364 1929 462 1988 omnia
483 1945 549 1987 cum
571 1926 697 1986 maxima
716 1927 857 2004 dignitate
874 1947 904 1989 es
923 1934 1098 1990 consecutus
1121 1928 1258 2006 quodque

114 2079 117 2083 ,
146 2015 179 2072 in
196 2013 331 2074 omnibus
350 2013 409 2072 tuis
429 2010 519 2072 rebus
539 2012 613 2070 meis
628 2012 734 2090 optatis
755 2010 872 2072 fortuna
892 2012 1052 2093 respondit.
1093 2012 1188 2072 Breve
1204 2021 1256 2082 est,

148 2096 288 2174 quodum
303 2096 358 2158 tibi
372 2097 546 2174 praecipere
561 2111 645 2154 meus
658 2093 839 2156 incredibilis
852 2097 884 2155 in
898 2103 927 2158 te
942 2115 1026 2157 amor
1042 2098 1128 2174 cogit.
1164 2096 1258 2157 Tanta

147 2188 191 2240 est
205 2182 384 2262 exspectatio
398 2179 444 2242 vel
460 2180 550 2240 animi
563 2176 609 2238 vel
623 2178 735 2254 ingenii
756 2179 807 2248 tui,
823 2187 857 2240 ut
872 2196 926 2256 ego
943 2187 973 2243 te
996 2179 1153 2243 obsecrare
1175 2180 1257 2242 obte-

46 2335 50 2340 ,
145 2266 274 2344 starique
289 2283 350 2326 non
367 2264 508 2334 dubitem,
526 2265 569 2325 sic
583 2260 620 2323 ad
641 2280 696 2323 uos
712 2263 915 2334 conformatus
931 2272 1095 2336 revertare,
1117 2273 1149 2328 ut
1170 2283 1257 2345 quam

147 2350 395 2427 exspectationem
411 2351 455 2410 tui
470 2348 635 2417 concitasti,
657 2346 734 2407 banc
755 2350 899 2410 sustinere
912 2368 946 2411 ac
971 2352 1049 2411 tueri
1072 2352 1175 2427 possis.
1210 2352 1255 2421 Et,

147 2434 288 2509 quoniam
302 2450 398 2493 meam
413 2440 533 2494 tuorum
552 2448 622 2509 erga
644 2449 693 2491 me
712 2432 886 2495 meritorum
907 2436 1080 2495 memoriam
1102 2434 1182 2496 nulla
1202 2454 1256 2497 un·

147 2532 236 2593 quam
252 2514 362 2576 delebit
383 2516 505 2585 oblivio,
527 2523 556 2575 te
571 2530 658 2591 rogo,
681 2523 713 2575 ut
735 2518 922 2587 memineris,
943 2526 1187 2598 quantaecunque
1204 2518 1258 2583 tibi

145 2602 330 2661 accessiones
347 2601 419 2661 fient
434 2611 463 2661 et
477 2600 612 2661 fortunae
630 2609 659 2661 et
681 2600 838 2677 dignitatis,
860 2610 950 2664 caste
964 2621 1025 2673 non
1042 2604 1172 2682 potuisse
1186 2622 1257 2664 con·

144 2685 243 2763 sequi,
264 2688 299 2745 ni
313 2686 388 2746 meis
407 2703 484 2766 puer
503 2684 574 2745 olim
594 2684 769 2747 fidelissimis
791 2694 878 2763 atque
901 2689 1106 2749 amantissimis
1127 2687 1257 2749 consiliis

177 2904 273 2969 Emer.
286 2904 346 2954 XX.
366 2903 436 2968 (tol.
450 2901 507 2965 53.)
728 2903 774 2955 die
786 2903 932 2973 geringe
944 2905 1061 2958 Annabl.
1079 2934 1111 2944 -
1127 2906 1158 2957 in
1170 2923 1201 2958 ec
1212 2924 1258 2973 qe-

726 2970 809 3038 nere]
829 2972 860 3023 in
877 2974 978 3025 dissent
994 2974 1117 3039 Patalete,
1135 2974 1162 3025 d.
1181 2974 1202 3025 i.
1219 2975 1256 3027 im

180 3039 204 3088 1.
221 3037 332 3088 nomine
343 3035 435 3105 cepi]
448 3037 558 3088 nomine
569 3034 609 3086 ist
619 3034 675 3087 wie
726 3038 892 3091 Schreiben.
909 3042 947 3093 So
960 3040 1034 3093 vvird
1043 3058 1130 3106 penus
1140 3057 1191 3093 zur
1200 3043 1258 3095 Ue-

148 3102 195 3155 die
218 3103 352 3157 Ablative
375 3122 463 3156 eausa
492 3102 551 3155 und
579 3103 675 3167 oracta
725 3106 962 3175 bersetzungdes
981 3108 1148 3160 deutschen:
1166 3109 1258 3161 Rucu-

145 3170 205 3221 fnst
234 3187 287 3223 nur
306 3172 442 3241 Praepos.
466 3170 618 3238 geworden
640 3190 676 3213 =
726 3174 811 3239 aicit,
830 3174 975 3240 Hiusiebt,
994 3175 1155 3241 Beziebunq
1177 3176 1256 3228 sehr

145 3252 252 3301 saepen,
268 3239 374 3290 balim.
397 3240 561 3302 Q.11.2.1.
593 3238 675 3301 Quod
727 3242 779 3293 oft
791 3242 958 3309 gebraucbt.

147 3303 185 3353 ud
207 3320 249 3353 me
271 3305 386 3357 Lentuli
409 3313 436 3357 et
458 3305 542 3357 Sentii
564 3305 675 3356 nomine
759 3312 785 3361 2.
814 3309 971 3377 diquitute]
997 3310 1256 3375 Ebrenleuftiqlceit,

146 3368 293 3437 scripsisti,
306 3373 415 3425 loeutus
426 3391 488 3425 sum
499 3390 560 3424 eum
568 3371 676 3423 Cincio.
725 3376 771 3427 die
783 3392 819 3428 zu
831 3377 901 3429 Rom
914 3377 1009 3443 weuig
1020 3394 1054 3429 zu
1074 3377 1168 3429 finden
1186 3394 1256 3429 war.

144 3465 178 3475 -
190 3440 320 3489 accusari
332 3440 465 3519 ossieinm]
477 3455 611 3492 accusare
621 3438 675 3490 eli·
723 3444 857 3523 -fauimi
866 3444 1258 3511 -inqeniilduimusbezieht

145 3520 358 3627 tributim
371 3506 674 3637 tlttdt'ttlldm
724 3510 784 3630 3¹0⁰?
801 3512 1257 3646 eliditltlbdtttttttt
1312 3626 1316 3633 .

136 3638 237 3705 ficium
248 3640 359 3695 istbier
370 3661 406 3690 :a
417 3641 672 3708 Pflieleterfeilluw,
726 3647 779 3697 anf
798 3646 844 3698 die
867 3646 1073 3699 intellectuelle
1091 3646 1169 3699 Seite
1191 3649 1257 3715 geht

144 3705 191 3758 die
203 3714 255 3773 gut
267 3710 323 3762 und
336 3709 462 3762 scblecbt
472 3711 533 3763 sein
545 3711 630 3761 kann.
640 3734 674 3743 —
727 3713 784 3765 nnd
796 3714 863 3779 „die
875 3722 1046 3783 gesnmmten
1060 3714 1255 3767 Geistesaula-

144 3774 243 3894 titt
251 3776 674 3899 tt'tlttith‘tllt¹¹lti
725 3781 1104 3901 i⁰¹¹‘{i⁰²‘·³⁰¹”¹i'apili
1120 3782 1154 3837 x.
1172 3786 1256 3901 ²³33

442 3885 449 3900 .
740 3866 1235 3902 anemiumauem..a

145 3908 205 3960 sich
223 3928 279 3962 von
298 3861 608 3981 giceroltatnsehttge
627 3926 675 3989 qr·
724 3917 876 3983 pristinam
888 3866 1157 3968 virtutemqreuocuui
1167 3918 1255 3983 muqis

144 3976 239 4029 beten.
252 3980 326 4031 —in
338 3982 492 4048 scribendo]
505 3982 540 4033 lu
552 3981 624 4034 fehlt
636 3994 674 4029 lm
726 3986 813 4035 animi
836 4001 920 4053 quam
943 3985 1050 4051 ingenii
1078 3985 1192 4037 uiribus.
1222 4014 1254 4023 —

146 4043 216 4096 eod.
229 4046 319 4108 Mede
337 4048 481 4101 scribendo
497 4048 584 4102 allein
595 4044 674 4102 wssre
725 4050 879 4117 sustinere]
900 4053 965 4105 dass
979 4051 1020 4104 sie
1032 4051 1106 4104 Dich
1118 4052 1195 4104 nicht
1208 4070 1254 4105 er-

145 4109 232 4164 nativ
244 4120 316 4167 statt
332 4116 370 4167 ud
386 4116 570 4169 scribendum.
585 4144 620 4155 —-
631 4119 674 4170 bie
725 4118 1042 4183 ‹trucicweilnunien
1052 4119 1129 4171 ihrer
1139 4120 1253 4173 uuwiir-

144 4184 221 4230 tem
231 4182 381 4249 summum]
400 4184 468 4235 zwei
480 4185 547 4235 oder
557 4186 674 4238 dreimol
725 4185 775 4253 dig
784 4186 841 4237 und
850 4186 1254 4254 ibrniehtgevvecbseulriblst.

146 4244 299 4303 conterens.
332 4251 367 4303 Vc
384 4252 431 4304 bei
449 4250 556 4305 Zahlen
572 4254 675 4307 betont
724 4252 789 4321 Vgl.
799 4254 836 4307 11.
846 4258 921 4307 232.
931 4252 1175 4322 *conpulsisseJ
1187 4254 1253 4306 duee
