3000 4650
170 946 191 1006 4

212 260 274 327 102
606 270 667 325 ΗΒ.
682 270 712 325 ll.
728 269 831 327 nrlsr.
843 272 886 326 27.
903 274 944 326 28.

210 433 275 493 fleri
288 433 440 495 amantius.
471 433 628 495 Considera
644 451 724 494 nnnc
739 435 866 495 vicissIm
884 441 976 496 turim.
1007 434 1072 496 Non
1091 434 1179 496 modo
1199 435 1242 496 ibi
1262 454 1323 497 non

211 518 304 587 fusti,
319 515 372 579 uhi
388 536 436 578 me
451 536 540 597 quam
557 519 687 597 primum
700 518 800 579 videre
815 537 933 598 posses,
951 520 1004 580 sed
1018 538 1054 581 eo
1069 520 1241 591 discessisti,
1263 538 1322 600 quo

212 619 267 680 ego
283 608 312 663 te
324 620 363 663 ne
377 603 516 682 persequi
532 602 650 681 quidem
666 621 785 683 possem
799 604 918 681 triginta
934 604 1056 672 diebus,
1077 606 1128 683 qui
1149 604 1204 666 tihi
1220 604 1256 665 ad
1272 605 1324 667 de·

212 686 377 748 cedendum
389 686 471 765 lege,
489 694 523 747 ut
538 688 659 765 opinor,
675 686 811 748 Cornelia
829 689 978 749 constituti
995 695 1107 750 essent:
1128 696 1162 749 ut
1181 696 1264 750 tuum
1279 688 1294 749 i
1310 724 1322 737 -

212 776 293 831 ctum
306 772 352 840 iis,
371 773 430 850 qui,
449 788 507 850 quo
525 774 622 832 animo
637 772 715 833 inter
733 788 789 831 nos
805 773 904 841 simus,
922 774 1069 851 ignorent,
1084 770 1170 835 alieni
1184 773 1321 844 hominis,

211 860 244 917 ut
256 854 406 917 lenissime
417 856 522 925 dicam,
539 855 716 934 etfugientis
730 872 937 935 congressum,
953 875 1052 919 meum
1062 875 1133 918 vero
1145 859 1322 919 coniunctis-

213 941 280 1001 simi
302 947 331 1001 ot
350 941 520 1001 amicissimi
539 958 603 1002 esse
626 940 769 1001 videatur.
818 941 860 1001 Ao
878 940 950 1000 mihi
972 952 1070 1002 tamen
1089 949 1158 1003 ante
1183 961 1270 1022 quam
1292 944 1322 1004 in

210 1026 393 1104 provinciam
406 1025 473 1086 veni
491 1025 623 1085 redditae
644 1030 714 1085 sunt
729 1043 746 1084 a
762 1032 792 1085 te
805 1024 935 1095 litterae,
958 1025 1066 1105 quibus
1082 1028 1137 1088 etsi
1150 1033 1180 1087 te
1198 1027 1324 1088 Tarsum

209 1109 359 1188 proficisci
383 1108 622 1179 demonstrabas,
644 1115 744 1170 tamen
766 1108 838 1170 mihi
858 1126 919 1170 non
939 1110 1060 1171 dubiam
1080 1128 1163 1189 spem
1177 1113 1237 1173 mei
1251 1129 1322 1173 con·

209 1193 347 1254 veniendi
361 1190 517 1254 afferabas:
535 1210 603 1256 eum
615 1195 741 1264 interea,
765 1194 853 1255 oredo
869 1194 1021 1273 equidem,
1037 1193 1173 1257 malevoli
1187 1195 1322 1257 homines

212 1310 250 1321 —
266 1276 324 1337 late
340 1278 419 1338 enim
433 1283 515 1357 patet
529 1277 587 1338 hoc
602 1278 702 1338 vitium
716 1284 746 1338 et
761 1278 847 1338 estin
861 1278 960 1339 multis
983 1313 1037 1351 -,
1061 1278 1114 1341 sed
1133 1287 1232 1340 tamen
1252 1297 1321 1358 pro·

210 1360 339 1422 habilem
355 1363 508 1423 materiem
522 1362 600 1422 nacti
615 1361 776 1431 sermonis,
798 1363 893 1441 ignari
911 1381 996 1425 meae
1018 1365 1212 1433 constantiae,
1234 1381 1321 1425 cona·

209 1443 319 1514 bantur
339 1444 468 1507 alienare
483 1464 500 1507 a
515 1453 545 1507 te
560 1445 739 1507 voluntatem
755 1464 868 1514 meam;
889 1447 940 1526 qui
960 1455 990 1510 te
1010 1446 1108 1510 iorum
1125 1449 1208 1509 Tarsi
1224 1466 1322 1527 agere,

163 1563 166 1568 ,
210 1536 340 1591 statuere
364 1521 470 1599 multa,
497 1530 674 1601 decernere,
703 1530 836 1593 iudicare
860 1531 1006 1602 dicerent,
1036 1549 1103 1593 eum
1131 1549 1235 1610 posses
1263 1534 1322 1594 iam

170 1701 190 1764 5

181 3548 190 3749 l

210 1613 354 1694 suspicari
367 1613 422 1675 tihi
437 1631 501 1675 esse
516 1632 702 1678 successum:
721 1632 850 1695 quaene
865 1615 901 1676 ab
917 1617 953 1677 iis
971 1616 1089 1695 quidem
1103 1617 1169 1678 lieri
1181 1616 1321 1686 solerent,

212 1700 264 1779 qui
276 1697 362 1760 brevi
376 1704 510 1779 tempore
525 1698 582 1761 sibi
599 1699 718 1760 succedi
732 1706 879 1778 putarent.
901 1700 1015 1761 Horum
1031 1718 1086 1779 ego
1103 1717 1240 1762 sermone
1261 1719 1321 1761 non
1372 1765 1374 1768 ,

208 1782 364 1851 monebam
380 1785 450 1862 quin
467 1785 554 1845 etiam
571 1818 606 1828 -
624 1784 728 1845 credas
743 1783 816 1844 mihi
835 1784 921 1845 velim
945 1818 998 1855 -,
1019 1784 1046 1845 si
1065 1786 1135 1864 quid
1153 1791 1186 1846 tu
1207 1803 1320 1863 ageres,

208 1866 300 1928 levari
319 1885 367 1929 me
389 1866 530 1947 putabam
552 1866 701 1936 molestia,
726 1874 760 1928 et
779 1887 815 1928 ex
836 1886 933 1930 annua
955 1870 1120 1947 provincia,
1147 1888 1222 1949 quae
1247 1868 1320 1929 mihi

207 1950 296 2030 longa
316 1951 445 2020 videtur,
474 1969 568 2030 prope
586 1952 646 2013 iam
667 1951 806 2013 undecim
832 1954 979 2016 mensium
1007 1955 1189 2033 provinciam
1214 1954 1320 2014 iactam

209 2052 274 2097 esse
289 2033 468 2115 gaudebam,
488 2036 513 2097 si
527 2035 641 2097 absenti
656 2035 729 2097 mihi
746 2037 835 2098 unius
848 2040 958 2099 mensis
971 2035 1056 2099 labor
1071 2038 1219 2099 detractus
1234 2044 1319 2098 esset.

207 2118 298 2190 Illud,
327 2138 397 2182 rere
426 2120 535 2191 dicam,
568 2139 616 2181 me
644 2129 759 2190 movet,
790 2122 822 2182 in
849 2128 929 2182 tanta
956 2122 1080 2183 militum
1101 2123 1250 2201 paucitate
1268 2121 1320 2181 ab·

208 2222 275 2267 esse
288 2210 351 2267 tres
364 2203 517 2274 cohortes,
540 2222 616 2283 quae
635 2206 693 2267 sint
708 2204 910 2283 plenissimae,
930 2224 987 2268 nec
1006 2225 1054 2268 me
1075 2208 1167 2276 scire,
1182 2206 1234 2267 ubi
1251 2206 1317 2267 sint.

206 2286 412 2352 Molestissime
428 2295 526 2353 autem
540 2289 618 2360 fero,
634 2289 729 2370 quod,
750 2297 780 2352 te
794 2289 846 2354 ubi
860 2292 975 2353 visurus
996 2292 1065 2362 sim,
1087 2292 1202 2361 nescim
1224 2308 1320 2370 eoque

208 2373 247 2435 ad
265 2380 295 2436 te
314 2374 427 2437 tardius
446 2375 564 2453 scripsi,
587 2374 666 2453 quod
687 2375 816 2453 quotidie
836 2384 864 2437 te
891 2378 988 2455 ipsum
1009 2375 1229 2455 exspectabam:
1252 2394 1320 2436 cum

206 2459 321 2520 interea
337 2476 377 2521 ne
395 2458 508 2520 litteras
530 2459 648 2539 quidem
669 2458 744 2520 ullas
764 2462 881 2539 accepi,
910 2478 985 2540 quae
1010 2479 1058 2522 me
1072 2461 1227 2534 docerent,
1250 2460 1320 2540 quid

207 2559 312 2620 ageres
326 2536 441 2605 autulii
456 2551 486 2604 te
500 2545 617 2603 visurus
632 2561 736 2604 essem.
769 2543 869 2625 ltaque
890 2547 987 2606 virum
1006 2545 1115 2607 fortem
1135 2545 1265 2624 mihique
1291 2547 1321 2606 in

206 2628 310 2705 primis
324 2627 496 2707 probatum,
520 2628 693 2696 Antonium,
716 2629 899 2705 praelectum
915 2637 1118 2699 evocatorum,
1140 2630 1207 2689 misi
1230 2628 1266 2689 ad
1280 2636 1318 2698 tc,

201 2831 203 2835 ’
241 2830 266 2878 3.
285 2824 341 2894 ibi]
360 2843 394 2879 au
413 2827 563 2879 Laodicea.
582 2844 686 2894 -quc
704 2867 711 2881 .
730 2865 737 2878 .
789 2830 835 2881 die
848 2829 903 2881 den
915 2828 1091 2895 Nachfolger
1103 2829 1204 2882 erstin
1216 2829 1319 2881 kuraer

206 2892 331 2962 marem]
345 2894 454 2963 Appius
466 2895 544 2948 hatte
558 2893 617 2946 sich
629 2895 676 2947 bei
690 2894 738 2946 ci·
790 2896 855 2949 Zeit
866 2904 1048 2949 erwarteten.

208 2978 288 3014 ceros
298 2961 428 3014 Ankunft
437 2962 508 3014 uach
520 2963 582 3015 dem
595 2962 663 3014 weit
675 2969 738 3015 ent-

208 3030 323 3080 fernten
354 3030 463 3081 Tarsus
496 3029 737 3097 zuriickgeaogen.
823 3035 848 3083 5.
872 3032 966 3082 adesse
981 3037 1038 3082 tres
1055 3027 1200 3108 cobortes]
1226 3029 1318 3080 Unter

208 3096 268 3147 Ate.
287 3096 322 3147 V.
340 3099 381 3148 16.
398 3100 426 3148 4.
452 3096 562 3176 Appius
578 3103 612 3147 att
628 3097 739 3148 audivit
791 3098 846 3150 den
870 3097 1006 3150 Soldaten
1035 3097 1086 3147 der
1109 3097 1233 3148 Provinz
1257 3110 1318 3147 war

207 3179 259 3216 noa
271 3163 378 3230 occire,
391 3163 423 3215 in
431 3165 558 3215 ultimam
566 3164 739 3231 provinciam
790 3166 854 3217 eine
866 3164 1008 3217 Monterei
1025 3162 1252 3230 ausgebrochen‚
1272 3162 1318 3214 die

206 3247 237 3283 ac
253 3231 370 3283 coniecit
388 3230 509 3283 Tarsum
525 3246 628 3298 reaque,·
644 3231 738 3296 idifo-
792 3232 900 3301 Appius
934 3229 1024 3283 durch
1052 3229 1234 3296 Ausaahlung
1268 3230 1318 3282 des

207 3314 270 3350 rum
279 3298 349 3364 opit.
361 3326 394 3336 -
407 3298 526 3364 triginta
536 3297 645 3366 diebos]
655 3298 738 3350 Nach
788 3298 1011 3365 rdckstdndigen
1024 3297 1125 3351 Soldes
1143 3298 1189 3350 his
1201 3314 1264 3350 zum
1278 3301 1320 3352 15.

206 3366 270 3417 dem
281 3367 402 3418 Geaetze
415 3365 464 3419 dea
472 3365 553 3418 Sulla
565 3365 736 3432 (lequoraa.)
788 3368 805 3419 J
808 3366 848 3418 uli
857 3365 1102 3433 beschwichtigte.
1124 3365 1203 3418 Fixus
1210 3366 1318 3417 Cohor-

207 3433 293 3486 aollte
314 3433 365 3485 der
386 3433 549 3502 abgehende
567 3432 737 3496 Statthalter
788 3444 837 3486 ten
850 3433 885 3499 (s.
898 3434 936 3487 ΙΙ.
949 3437 991 3486 28.
1003 3432 1042 3499 3.)
1056 3440 1189 3486 trennten
1201 3433 1261 3485 sich
1274 3434 1319 3483 in·

207 3517 262 3553 nur
280 3500 350 3552 noch
366 3500 490 3568 dreissig
500 3501 580 3568 Tage
598 3499 669 3553 uach
686 3501 738 3552 der
789 3502 853 3554 dess
871 3519 935 3554 vum
947 3502 1041 3554 Heere
1060 3501 1117 3553 und
1130 3500 1260 3568 lagerten
1271 3499 1319 3552 bei

208 3567 636 3635 AnhunftseinesNachfolgers
645 3568 676 3619 in
686 3568 737 3620 der
788 3569 992 3622 Philomelium.
1013 3568 1176 3622 Wennhier
1187 3585 1244 3620 von
1257 3567 1320 3620 drei

207 3635 333 3688 Provinz
345 3635 511 3701 verweilen,
788 3636 930 3689 Cohorten
943 3636 990 3689 die
1002 3636 1081 3689 Reda
1097 3636 1149 3699 ist,
1172 3652 1203 3687 so
1223 3636 1320 3688 nimmt

241 3706 266 3755 4.
286 3710 352 3755 caete
364 3721 448 3784 quam
459 3704 490 3755 in
500 3718 581 3769 proc.
593 3699 673 3769 veni]
692 3702 737 3754 be·
790 3720 854 3755 man
866 3703 1042 3772 gewiihnlich
1053 3721 1103 3769 an,
1120 3704 1186 3755 dass
1200 3703 1251 3755 der
1263 3703 1317 3755 Be-

208 3786 258 3821 cor
278 3771 324 3822 icit
344 3772 390 3823 dae
405 3771 527 3822 Procius
547 3771 651 3835 detrec,
677 3769 737 3821 also
790 3770 912 3824 richtan
925 3771 1011 3836 Cato,
1031 3771 1081 3822 der
1098 3771 1165 3822 irini
1180 3770 1318 3835 erwiibnt‚

208 3838 262 3891 aus
272 3838 322 3890 der
334 3838 429 3892 Reise.
445 3866 481 3876 —
497 3835 688 3905 constantiae]
707 3837 737 3889 in
789 3838 916 3906 weniger
933 3853 1025 3906 genart
1047 3838 1104 3901 sei3
1127 3837 1317 3891 wahrschein-

208 3903 259 3958 der
280 3905 500 3988 Freundschaft.
528 3930 563 3944 -
596 3911 624 3956 te
645 3906 738 3970 forum
789 3905 877 3958 licher
906 3906 1002 3958 indess
1026 3905 1068 3957 ist
1090 3906 1136 3986 die
1159 3905 1317 3967 Annahrne‚

207 3971 625 4108 ‘ildirttdtsffhltith
642 3978 739 4093 ili:
791 3974 862 4094 itit
875 3973 1318 4118 sitibit,battitiis

208 4107 249 4159 fol
270 4124 301 4159 er
319 4108 404 4160 achon
421 4109 451 4160 in
464 4109 514 4161 der
526 4108 651 4160 Provinz
667 4123 736 4171 war,
790 4114 852 4173 ten,
871 4126 926 4161 von
944 4109 1037 4163 denen
1049 4109 1149 4162 Cicero
1167 4108 1245 4160 nicht
1257 4123 1318 4158 ern-

208 4191 244 4227 au
280 4191 361 4228 araus
375 4177 447 4227 noch
456 4175 620 4228 Gerichtata
641 4193 666 4239 e,
678 4192 738 4227 was
790 4176 845 4228 mal
858 4189 979 4242 ursata,
993 4194 1037 4230 wo
1049 4177 1091 4245 sie
1101 4193 1205 4229 waren.
1215 4202 1247 4210 -
1256 4191 1320 4225 eoo-

209 4242 288 4295 nicht
300 4242 400 4295 einmal
414 4243 459 4295 die
471 4259 506 4294 an
519 4242 589 4294 thun
603 4191 737 4311 pffiegten²
789 4243 931 4312 catorum]
962 4243 1146 4312 ausgediente
1170 4241 1317 4308 Soldaten,
