3000 4650
220 207 283 272 104
422 229 431 250 ··
630 214 692 272 Llll.
707 214 737 270 11.
753 213 856 271 EPlS'l':
872 216 913 269 28.

217 377 326 438 liberto
341 396 408 438 meo
423 378 537 449 dedisti,
554 381 677 458 cognovi
691 377 879 457 intellegique
893 379 924 438 in
944 379 1094 458 provincia
1109 375 1216 438 multos
1231 377 1333 447 inisse,

220 463 355 540 quinos,
372 480 431 542 quo
446 465 544 524 animo
559 465 636 524 inter
650 481 705 524 nos
717 480 833 533 sumne,
856 481 921 524 esse
937 461 1063 531 nollent:
1084 462 1120 522 ad
1138 461 1245 522 urbem
1261 480 1334 523 vero

218 554 252 606 ut
267 548 427 615 accesseris
441 547 487 608 rel
500 549 599 627 potius
615 555 648 608 ut
661 548 790 626 primum
806 553 873 608 tuos
888 546 1010 617 uideris,
1030 563 1175 624 cognosse
1191 553 1221 608 te
1236 565 1271 608 ex
1286 548 1331 617 iis,

219 649 277 710 qua
294 632 326 690 iu
340 637 370 692 te
383 630 536 693 absentem
550 631 616 702 lide,
633 649 691 708 qua
705 633 734 691 in
750 629 887 693 omuibus
901 631 1004 692 officiis
1018 631 1134 692 tuendis
1149 647 1219 708 erga
1234 638 1264 691 te
1278 631 1335 692 ob·

219 717 364 776 seruantia
380 723 409 776 et
428 719 591 777 constantia
614 717 746 791 fuissem.¹
773 716 874 795 ltaque
894 716 995 793 quanti
1015 714 1086 776 illud
1106 731 1154 776 me
1176 717 1331 776 aestimare

219 807 321 878 putas,
339 799 418 876 quod
434 803 521 862 estin
536 802 593 862 tuis
606 799 709 862 litteris
723 800 883 878 scriptum:
907 802 931 860 si
946 799 1015 878 quid
1031 800 1183 868 inciderit,
1199 799 1279 879 quod
1294 799 1333 860 ad

219 901 314 946 meam
335 884 504 960 dignitatem
520 886 680 964 pertineat,
704 885 761 945 etsi
779 886 827 944 vix
847 885 911 945 lieri
929 885 1035 963 possit,
1057 889 1155 945 tamen
1177 891 1207 944 te
1229 900 1332 960 parem

219 969 291 1029 mihi
303 969 427 1046 gratiam
439 969 611 1030 relaturum.
644 968 689 1029 Tu
704 986 774 1029 vero
791 969 876 1029 facile
891 968 995 1030 faciest
1009 967 1080 1029 nihil
1098 975 1143 1029 est
1158 968 1236 1028 euim
1253 968 1332 1047 quod

179 1057 200 1117 2
221 1051 317 1112 studio
333 1058 361 1112 et
375 1051 578 1114 benevolentia
592 1052 637 1114 rel
655 1070 756 1114 amore
773 1053 871 1131 potius
885 1052 962 1114 ellici
977 1069 1037 1112 non
1050 1053 1151 1132 possit.
1181 1052 1260 1129 Ego,
1278 1053 1334 1114 etsi
1367 1072 1383 1107 κ

221 1143 250 1197 et
269 1137 333 1214 ipse
349 1136 387 1196 ita
406 1137 572 1198 iudicabam
594 1144 622 1197 et
642 1137 749 1198 fiebam
773 1137 879 1198 crebro
900 1139 1003 1197 anneis
1017 1153 1071 1215 per
1085 1136 1197 1198 litteras
1213 1139 1335 1207 certior,

220 1226 319 1280 tamen
334 1222 492 1282 maximam
515 1221 652 1282 laetitiam
670 1223 734 1299 cepi
754 1240 790 1281 ex
804 1221 980 1283 tuis‘litteris
993 1221 1030 1281 de
1045 1237 1096 1298 spe
1111 1222 1231 1281 minime
1243 1220 1332 1282 dubia

220 1311 249 1363 et
263 1302 350 1382 plane
364 1304 513 1382 explorata
530 1306 671 1384 triumphi
688 1306 745 1366 tui:
768 1323 864 1384 neque
879 1323 949 1366 uero
967 1304 1005 1366 ob
1029 1323 1093 1366 eam
1114 1323 1246 1374 causam,
1272 1324 1334 1385 quo

218 1389 283 1467 ipse
306 1387 420 1449 iacilius
440 1407 639 1468 consequerer
661 1424 704 1435 —-
724 1406 794 1449 nam
813 1390 847 1470 id,
864 1388 981 1468 quidem
1003 1382 1191 1467 ἐπικούρειον
1211 1395 1255 1450 est
1286 1427 1332 1460 —,

220 1473 272 1533 sed
293 1472 478 1543 mehercule,
502 1474 581 1553 quod
605 1480 655 1534 tua
675 1474 801 1552 dignitas
822 1480 911 1553 atque
932 1473 1093 1552 amplitudo
1112 1474 1185 1534 mihi
1206 1481 1250 1534 est
1268 1476 1333 1554 ipsa

220 1573 289 1617 cara
302 1573 358 1634 per
377 1575 418 1618 se.
453 1558 551 1631 Quare
572 1559 710 1637 quoniam
728 1558 830 1636 plures
850 1564 883 1619 tu
903 1556 996 1630 habes
1017 1559 1103 1638 quani
1127 1562 1233 1627 ceteri,
1257 1577 1334 1638 quos

219 1641 295 1700 scias
309 1641 341 1702 in
354 1641 432 1702 hano
444 1644 626 1721 provinciam
639 1643 789 1721 proticisci
807 1675 851 1687 -
871 1641 950 1722 quod
970 1649 1000 1704 te
1015 1643 1123 1704 adeunt
1135 1642 1200 1703 fere
1218 1661 1331 1711 omnes,
1360 1706 1365 1714 ,

220 1725 244 1784 si
260 1724 331 1805 quid
346 1725 416 1786 velis
432 1762 485 1798 -,
507 1727 706 1805 gratissimum
718 1727 793 1787 mihi
814 1725 936 1796 leceris,
957 1727 983 1787 si
1003 1727 1040 1788 ad
1060 1745 1122 1796 me,
1143 1725 1229 1790 simul
1243 1735 1335 1805 atque

220 1809 344 1888 adeptus
370 1809 444 1881 eris,
469 1811 548 1889 quod
573 1818 602 1872 et
625 1817 658 1872 tu
682 1809 806 1872 confidis
831 1817 861 1873 et
881 1827 937 1888 ego
962 1821 1048 1891 opto,
1073 1810 1187 1871 litteras
1204 1813 1330 1873 miseris.

219 1891 313 1970 Longi
327 1891 472 1964 subsellii,
496 1902 529 1957 ut
542 1902 643 1957 noster
656 1895 815 1974 Pompeius
835 1894 975 1974 appellat,
997 1894 1135 1964 iudicatio
1156 1901 1185 1956 et
1202 1903 1286 1958 mora
1306 1898 1334 1956 si

221 1993 310 2054 quem
331 1976 385 2036 tibi
404 1978 474 2038 item
494 1996 585 2039 unum
607 1978 767 2041 alterumve
788 1980 866 2042 diem
890 1979 1059 2048 abstulerit,
1085 2013 1128 2024 --
1153 1980 1232 2059 quid¹
1254 1982 1333 2042 enirn

220 2068 317 2138 potest
332 2061 476 2141 amplius?
490 2097 532 2108 -
546 2070 597 2125 tua
612 2071 709 2125 tamen
725 2064 850 2142 dignitas
865 2082 951 2125 suum
964 2063 1063 2125 locum
1078 2063 1230 2126 obtinebit.
1263 2066 1330 2133 Sed,

221 2146 246 2205 si
260 2164 308 2207 me
324 2145 434 2222 diligis,
459 2148 485 2208 si
500 2165 517 2208 a
533 2166 583 2208 me
597 2147 678 2225 diligi
694 2148 751 2219 vis,
773 2149 809 2209 ad
824 2166 872 2210 me
894 2147 1020 2219 litteras,
1041 2155 1074 2210 ut
1094 2165 1182 2228 quam
1201 2149 1332 2227 primum

180 2233 200 2295 3
221 2226 328 2290 laetitia
344 2229 470 2300 alliciar,
490 2233 606 2292 mittito.
649 2232 687 2292 Et
705 2231 808 2302 velim,
830 2233 977 2312 reliquum
993 2233 1071 2312 quod
1088 2240 1131 2294 est
1145 2235 1281 2311 promissi
1296 2250 1332 2292 ac

222 2315 423 2386 muueristui,
439 2316 513 2376 mihi
528 2314 686 2395 persolvas.
718 2316 792 2379 Cum
806 2318 900 2397 ipsam
915 2319 1112 2396 cognitionem
1127 2320 1200 2379 iuris
1217 2317 1333 2397 augurii

221 2400 361 2479 consequi
383 2402 486 2479 cupio,
509 2409 571 2462 tum
592 2401 763 2464 mehercule
781 2406 838 2464 tuis
853 2402 1065 2465 incredibiliter
1080 2404 1182 2464 studiis
1197 2419 1267 2480 erga
1283 2390 1352 2464 me*

220 2482 450 2563 muneribusque
465 2484 606 2560 delector.
634 2485 719 2557 Quod
734 2494 833 2549 autem
847 2506 864 2548 a
878 2506 927 2549 me
943 2486 1002 2551 tale'
1017 2488 1159 2567 quiddam
1171 2488 1332 2558 desideras,

221 2583 293 2629 saue
313 2568 384 2628 mihi
399 2569 647 2631 considerandum
662 2578 721 2641 est,
743 2590 872 2650 qucum
890 2590 938 2633 me
958 2589 1133 2633 remunerer
1147 2574 1331 2650 potissimum

220 2668 345 2728 genere:
366 2670 436 2713 nam
449 2653 584 2733 prolecto
602 2672 662 2717 non
682 2661 727 2717 est
749 2674 864 2729 meum,
886 2656 981 2735 quiin
1001 2655 1173 2724 scribendo,
1196 2663 1230 2715 ut
1255 2655 1334 2717 soles

219 2735 373 2805 admirari,
396 2743 509 2798 tantum
530 2738 692 2801 industriae
712 2758 836 2819 ponam,
859 2741 1056 2811 committere,
1078 2747 1110 2799 ut
1131 2739 1283 2819 negligens
1298 2743 1331 2801 in

219 2817 377 2881 scribendo
397 2821 487 2883 fuisse
507 2822 623 2893 videam
643 2826 819 2903 praesertim
838 2842 905 2886 cum
925 2825 954 2885 id
972 2841 1032 2884 uon
1046 2824 1134 2885 modo
1157 2823 1335 2902 negligentis

219 2904 271 2965 sed
287 2905 373 2966 etiam
388 2907 496 2983 ingrati
510 2909 600 2968 animi
610 2911 722 2971 crimen
736 2910 868 2971 futurum
881 2911 926 2970 sit.
951 2908 1061 2970 Verum
1073 2909 1146 2970 haec
1156 2907 1332 3009 viqebimus.
1424 2942 1426 2945 ·

220 3103 378 3171 zeichnung
395 3106 445 3157 des
463 3106 509 3158 die
527 3105 683 3173 Handlung
702 3109 750 3159 be·
802 3108 957 3175 sa'mmlung
978 3107 1093 3174 gestellt
1116 3107 1245 3169 werden,
1268 3107 1331 3159 dem

220 3170 383 3237 gleitendeq
401 3174 581 3225 Umstandes.
601 3202 633 3211 -
651 3174 699 3242 qui
716 3211 723 3223 .
742 3212 750 3225 .
801 3175 959 3227 Feldherrn
976 3175 1025 3227 das
1042 3174 1194 3242 Imperium
1212 3174 1259 3226 fiir
1276 3175 1333 3227 den
1397 3190 1400 3196 ’

219 3238 404 3309 ecsenollent]
418 3240 464 3292 die
477 3241 530 3293 den
541 3241 650 3309 Appius
660 3258 749 3308 gegen
801 3243 864 3308 Tag
881 3241 931 3293 des
944 3241 1112 3309 Triumphus
1131 3241 1159 3293 in
1177 3242 1227 3294 der
1246 3243 1317 3295 stad

220 3305 322 3358 Cicero
335 3308 495 3375 anigereizt
506 3308 615 3361 hatten.
801 3326 834 3360 zu
854 3310 953 3375 geben.
968 3336 997 3346 —
1013 3309 1062 3359 tibi
1079 3308 1159 3377 item]
1172 3310 1227 3361 Dir
1239 3311 1329 3372 auch,

204 3403 208 3410 =
254 3378 278 3427 2.
297 3374 449 3443 triumphi]
463 3377 517 3428 den
528 3377 637 3445 Appius
647 3376 749 3443 jedocb
802 3376 856 3428 wie
870 3376 1104 3429 schonhnderen.
1119 3406 1150 3415 -
1163 3378 1326 3445 alterumve]

204 3413 299 3501 lnicht
316 3441 428 3494 feierte.
444 3470 478 3481 -—
495 3442 691 3512 consequerer]
710 3461 749 3496 sc.
802 3444 831 3496 S.
846 3460 870 3495 z.
882 3444 922 3496 11.
935 3444 976 3495 20.
992 3448 1015 3496 1.

221 3504 754 3579 triumphum.-e'dimaoriperouestl
835 3517 861 3564 3.
889 3510 1036 3580 promissi]
1062 3512 1195 3565 Gemeint
1217 3512 1257 3566 ist
1280 3512 1332 3565 des

219 3574 281 3628 Das
309 3578 383 3628 odra
410 3578 455 3629 die
482 3578 647 3645 Geeinuunp
674 3579 750 3631 mnes
801 3578 1012 3647 AppiusWerk
1030 3579 1100 3632 iiber
1116 3579 1329 3647 dieAugurien,

219 3643 407 3710 Epiburders‚
432 3645 482 3697 der
513 3661 566 3696 nur
584 3647 636 3697 aui
651 3646 750 3699 seinen
801 3664 857 3698 von
875 3648 936 3699 dem
953 3664 985 3699 er
1004 3646 1105 3699 Cicero
1121 3646 1230 3699 bereits
1248 3646 1332 3699 einen

220 3711 349 3763 Vortheil
362 3711 443 3764 sieht.
457 3740 489 3750 -
501 3713 526 3763 si
538 3712 606 3779 quid
617 3713 700 3831 υεῑίεὲ
713 3715 748 3765 ob
800 3714 884 3767 Theil
908 3714 1075 3787 zugeeignet
1098 3714 1156 3765 und
1180 3714 1226 3767 die
1244 3716 1329 3767 Furt—

221 3778 266 3829 Du
279 3778 362 3829 einen
374 3779 498 3845 dulting
509 3780 664 3835 habest.—
701 3797 750 3832 on-
802 3786 922 3849 setzung
938 3780 1129 3848 versprocben
1147 3781 1234 3835 batte.
1266 3784 1331 3833 Von

218 3844 247 3909 pi
259 3845 394 3913 subsellii]
404 3847 554 3915 Pompejus
565 3847 748 3901 bezeichnete
799 3848 900 3901 Cicero
917 3849 1045 3901 forderte
1062 3866 1092 3900 es
1112 3849 1158 3901 die
1174 3848 1329 3915 Artignus,

219 3912 272 3965 mit
299 3913 404 3966 diesem
428 3914 538 3967 Nomen
566 3915 621 3967 den
650 3916 747 3969 Sonat.
791 3915 1331 3983 durchZueignungirgendeinesWer·

217 3980 321 4032 Dieser
338 3981 415 4033 hatte
432 3990 529 4034 zuerst
544 3998 579 4034 zu
599 3983 746 4049 beratheri,
798 3981 1330 4051 hesdemAppiusseineFreundsoboit

207 4047 255 4097 ¹ob
278 4047 324 4099 die
344 4048 530 4117 Verwaltung
551 4050 602 4102 der
623 4050 747 4103 Provinz
798 4068 833 4102 zu
845 4049 1078 4117 vergelteu.—-in
1088 4049 1244 4119 scribendo]
1256 4050 1330 4102 Scri-

219 4114 563 4183 denTriumphgestette‚
574 4118 747 4171 dannmuss-
799 4120 860 4169 bere
880 4117 1047 4171 bezeichnet
1066 4119 1128 4170 hier
1150 4118 1180 4168 iu
1198 4134 1329 4186 angerent

217 4186 249 4232 te
267 4180 318 4233 der
334 4179 444 4249 Autrag
459 4184 507 4235 bei
524 4184 574 4236 der
592 4184 747 4239 Vollusver-
799 4186 887 4239 Sinne
898 4186 1110 4240 dasVerfasseu
1124 4203 1178 4236 ron
1188 4186 1328 4239 Bucheru.
