3000 4650
218 230 318 309 146‘
606 240 667 297 nu.
682 240 724 296 ru
738 239 842 297 misr.
858 242 976 295 21-23.

223 415 276 470 tuo
293 403 481 467 consolatum
496 423 532 466 ex
547 405 720 466 auctoritate
734 411 785 465 tna
797 408 920 481 gerente
934 399 1018 462 vobis
1034 398 1206 464 auctoribus
1229 399 1273 460 uti
1294 416 1352 458 vo·

226 488 328 559 luerit,
345 506 426 550 nunc
443 489 540 549 omnia
555 494 705 551 tenentem
723 495 842 548 nostras
857 486 1017 547 sententias
1026 483 1264 545 desideraturum
1276 500 1349 543 oen·

185 582 205 644 3
227 591 276 635 ses
293 573 405 635 luisset
434 572 540 634 Omnia
561 578 631 633 suut
652 572 760 634 misera
780 573 810 632 in
833 568 920 632 bellis
941 568 1090 637 civilibus,
1121 584 1197 647 quae
1217 566 1347 627 maiores

223 657 319 719 nostri
335 675 373 718 ne
389 656 481 718 semel
489 656 618 735 quidem,
635 663 736 717 nostra
753 660 834 717 aetas
844 672 932 733 saepe
942 652 1000 714 iam
1016 651 1122 713 sensit:
1143 651 1195 712 sed
1209 649 1347 710 miserius

221 740 296 803 nihil
319 757 408 820 quam
436 741 501 819 ipsa
526 740 664 809 victoria;
690 757 767 820 quae
782 737 950 800 etiamsiad
964 734 1104 797 meliores
1120 736 1214 802 venit,
1244 739 1345 793 tamen

223 843 276 887 eos
289 826 371 904 ipsos
385 824 547 885 ferociores
563 824 849 903 impotentioresque
864 820 978 889 reddit;
994 826 1036 892 ut,
1053 820 1166 880 etiamsi
1180 823 1287 879 natura
1301 823 1345 877 ta·

221 908 267 970 les
281 926 342 970 non
356 908 431 978 siut,
446 909 623 969 necessitate
640 925 705 970 esse
720 912 880 985 cogantur:
912 903 1003 966 multa
1029 904 1108 964 enim
1124 902 1226 964 victori
1242 917 1347 962 eorum

225 990 364 1061 arbitrio,
380 1009 436 1071 per
450 1010 527 1072 quos
541 991 631 1061 vicit,
649 992 736 1052 etiam
752 992 845 1050 inrito
860 988 994 1050 iacienda
1012 993 1090 1049 sunt.
1120 988 1166 1047 An
1185 994 1215 1047 tn
1230 1002 1289 1045 uon
1305 985 1347 1044 vi·

227 1076 318 1137 debas
332 1092 451 1137 mecum
464 1073 562 1144 simol,
580 1093 670 1153 quam
685 1073 736 1135 illa
751 1072 881 1135 erudelis
896 1080 974 1134 esset
989 1072 1088 1134 lutura
1101 1070 1240 1131 victoria?
1254 1068 1348 1145 igitur

222 1166 296 1221 tune
310 1177 428 1238 quoque
443 1176 562 1219 careres
575 1160 680 1237 patria,
696 1176 744 1227 ne,
758 1175 833 1237 quae
845 1154 949 1227 nolles,
965 1155 1097 1217 viduos?
1113 1154 1199 1222 ‘Nom
1214 1153 1345 1232 inquies,

226 1259 282 1319 ego
307 1242 385 1303 enim
407 1243 472 1321 ipse
491 1248 623 1303 tenerem
641 1260 713 1321 opes
731 1247 762 1303 et
784 1241 954 1319 dignitatem
975 1241 1095 1301 meam'.
1124 1238 1169 1297 ut
1194 1243 1258 1298 erat
1278 1243 1346 1296 tuae

225 1326 343 1387 virtutis
356 1326 388 1386 in
402 1327 532 1386 minimis
547 1333 612 1387 tuas
627 1343 676 1387 res
688 1343 817 1403 ponere,
843 1325 880 1386 de
900 1341 934 1384 re
949 1322 1068 1401 publiea
1080 1321 1285 1384 vehementius
1304 1318 1346 1380 la·

226 1409 348 1471 borare.
379 1408 506 1479 Deinde,
523 1411 572 1487 qui
590 1410 657 1471 linis
671 1411 757 1470 istius
773 1408 886 1470 consilii
903 1408 964 1469 esti
994 1407 1068 1468 Nam
1086 1406 1182 1467 adbuc
1198 1412 1227 1467 et
1238 1404 1346 1464 laetum

226 1501 311 1554 tuum
328 1492 472 1570 probatur
491 1501 536 1563 et,
564 1501 597 1555 nt
611 1495 643 1553 in
659 1492 709 1555 tali
726 1512 775 1564 re,
800 1493 887 1554 etiam
903 1491 1021 1553 fortuna
1048 1489 1198 1552 laudatur:
1227 1489 1345 1556 laetum,

229 1576 309 1657 quod
325 1584 355 1637 et
374 1577 490 1638 initium
505 1575 577 1638 belli
592 1578 759 1640 necessario
790 1584 910 1637 secutus
935 1577 975 1637 sis
998 1583 1027 1636 et
1047 1581 1178 1638 extrema
1199 1573 1347 1652 sapienter

228 1661 371 1740 persequi
385 1659 533 1731 nolueris,
550 1663 680 1731 lortuna,
697 1661 777 1740 quod
788 1661 918 1721 honesto
934 1661 994 1720 otio
1003 1660 1135 1721 tenueris
1151 1665 1180 1719 et
1196 1663 1303 1719 statum
1319 1661 1348 1717 et

228 1745 340 1805 fernam
355 1744 505 1824 dignitatis
520 1752 598 1805 tuae.
628 1745 715 1806 Nunc
729 1762 800 1805 vero
818 1763 873 1805 nee
888 1741 972 1803 locus
986 1743 1039 1804 tibi
1053 1741 1131 1803 nllus
1145 1739 1260 1802 dulcior
1283 1757 1347 1800 esse

231 1827 321 1889 debet
334 1830 440 1907 patria,
456 1845 514 1889 neo
528 1848 594 1889 eam
615 1826 737 1907 diligere
751 1830 851 1904 minus
874 1827 980 1896 debes,
1002 1827 1079 1906 quod
1106 1826 1269 1888 deformior
1292 1832 1345 1891 est,

230 1911 283 1973 sed
305 1913 440 1971 misereri
455 1912 568 1992 potius,
581 1929 637 1973 neo
661 1931 725 1974 eam
745 1912 845 1973 multis
865 1909 953 1972 claris
984 1912 1053 1972 viris
1078 1910 1212 1971 orbatam
1231 1908 1347 1988 privare

189 2003 209 2062 4
234 1995 320 2056 etiam
336 2003 459 2073 aspectu
473 2002 533 2063 tuo.
566 1995 708 2074 Denique,
723 1998 747 2057 si
761 1996 817 2056 iuit
830 1997 929 2072 magni
943 1997 1035 2056 animi
1045 2013 1105 2055 non
1115 1996 1176 2055 isse
1185 1992 1347 2072 supplicem

230 2077 351 2147 victori,
368 2077 435 2139 vide
452 2097 491 2141 ne
506 2079 628 2158 superbi
642 2082 681 2140 sit
695 2081 849 2158 aspernari
872 2080 1001 2140 eiusdem
1016 2076 1237 2143 liberalitatem,
1255 2086 1300 2146 et,
1322 2077 1348 2135 si

230 2162 371 2239 sapientis
393 2170 438 2223 est
458 2180 562 2223 carere
584 2162 694 2241 patria,
716 2163 784 2223 duri
799 2181 860 2224 non
876 2163 1060 2231 desiderare,
1082 2169 1128 2232 et,
1144 2162 1169 2221 si
1184 2159 1347 2239 republica

229 2262 293 2305 non
307 2245 405 2324 possis
420 2246 494 2315 lrui,
516 2245 637 2308 stultum
653 2252 698 2308 est
713 2246 794 2308 nolle
814 2249 935 2326 privata.
968 2246 1062 2326 Caput
1081 2245 1153 2308 illud
1175 2251 1234 2314 est,
1254 2250 1302 2313 ut,
1322 2244 1348 2303 si

229 2330 284 2390 ista
299 2330 356 2390 vita
372 2328 426 2390 tibi
437 2331 622 2391 commodior
643 2349 708 2392 esse
726 2332 874 2400 videatur,
901 2331 1089 2410 cogitandum
1108 2339 1207 2391 tamen
1229 2330 1281 2400 sit,
1309 2345 1347 2389 ne

230 2414 323 2473 tutior
338 2429 398 2472 nou
417 2416 465 2475 sit.
495 2415 601 2493 Magna
616 2414 783 2493 gladiorum
800 2423 845 2477 est
861 2414 994 2486 lieentia,
1013 2416 1064 2477 sed
1081 2418 1111 2474 in
1127 2414 1256 2476 externis
1275 2411 1348 2472 locis

230 2498 329 2557 minor
354 2498 498 2560 etiamad
521 2498 636 2560 lacinus
656 2499 844 2560 verecundia.
875 2499 945 2559 Mihi
966 2498 1045 2561 salus
1065 2506 1115 2560 tua
1138 2505 1236 2559 tantae
1259 2512 1348 2558 curae

232 2585 292 2650 est,
308 2586 341 2641 ut
355 2580 495 2643 Marcello
510 2582 596 2643 fratri
609 2590 681 2652 tuo,
697 2589 747 2644 aut
761 2599 816 2660 par
830 2590 880 2644 aut
894 2590 975 2643 certe
989 2584 1142 2661 proximos
1157 2584 1221 2642 sim.
1251 2580 1348 2642 Tuum

234 2669 278 2724 est
294 2664 452 2727 consulere
468 2666 654 2744 temporibus
669 2673 698 2728 et
711 2666 904 2728 incolumitati
921 2673 949 2727 et
962 2667 1038 2727 vitae
1054 2675 1083 2727 et
1096 2666 1224 2727 fortunis
1237 2666 1304 2724 tuis.

232 2859 266 2894 ex
283 2845 454 2898 auctoritate
470 2847 542 2915 tua]
567 2849 640 2901 oncle
658 2848 768 2902 Deinert
818 2849 1043 2902 reitsrniteinero
1050 2845 1348 2916 Adjectivzneinern

232 2911 443 2967 Gruodetitzen.
817 2914 930 2983 Begriff
956 2916 1154 2969 verbundenee
1178 2912 1347 2967 Substantiv

266 2981 291 3029 ἃ
315 2996 399 3046 quom
415 2979 484 3048 illa]
504 2982 556 3033 der
568 2982 765 3051 Pompejuner.
816 2983 898 3049 tritt,
911 3000 943 3036 so
955 2983 1028 3035 fehlt
1040 2983 1085 3035 die
1099 2982 1300 3049 Conjunction.

232 3044 313 3095 Fam.
329 3045 382 3100 111.
400 3049 442 3098 14.
472 3048 503 3098 Si
519 3048 542 3099 ii
559 3050 705 3117 vicinarent,
726 3053 766 3101 orl
850 3055 877 3102 4.
900 3051 926 3101 oi
936 3050 1011 3117 fuit]
1032 3050 1152 3102 nbmlieb
1165 3048 1285 3112 (lamule,
1304 3047 1346 3099 olo

233 3126 364 3177 quooeqo
396 3113 455 3164 ocis
473 3131 521 3182 spe
536 3131 595 3167 noo
611 3117 766 3198 bellioupi-
816 3119 864 3171 die
887 3117 1002 3170 Andern
1025 3117 1085 3169 dem
1114 3115 1349 3169 beirnlrebrenden

234 3177 324 3228 ditate
346 3197 363 3230 a
386 3181 487 3232 eluctus
509 3199 692 3249 accesseram,
720 3201 766 3236 trt-
816 3184 917 3303 Sieffer
936 3184 1173 3252 eutgegeneilten.
1186 3211 1220 3220 -
1236 3179 1349 3249 carere]

236 3243 392 3324 tellipebam
411 3254 504 3328 tamen
520 3251 698 3302 cetratorum
717 3252 767 3304 lto-
816 3260 864 3304 eut
881 3246 964 3304 elt'ren
977 3253 1097 3303 konnen.
1114 3251 1201 3303 Tunc.
1212 3248 1236 3303 l.
1249 3253 1292 3302 36.
1304 3251 1347 3300 88.

232 3326 339 3364 menum
349 3316 767 3383 etcuptdorumetiosolentium
815 3319 931 3373 Dicitur
947 3321 1020 3371 enlm
1036 3319 1094 3370 olio
1110 3319 1189 3373 modo
1206 3317 1290 3369 etium
1302 3334 1348 3368 co-

233 3395 333 3444 puam
355 3383 510 3462 erudelis
530 3392 621 3436 esset
639 3387 767 3451 futura
817 3405 892 3450 rere,
913 3403 975 3438 eum
996 3387 1107 3454 aliquid
1123 3403 1180 3439 non
1202 3385 1306 3436 lrabeat
1321 3390 1349 3435 et

232 3452 395 3504 victorsa.
420 3477 454 3486 —
488 3458 552 3503 erut
584 3460 652 3504 tuce
683 3451 765 3521 virt]
817 3454 1158 3518 nouboberetoreott’ae,
1177 3452 1287 3504 etiamsi
1302 3451 1348 3515 so-

234 3537 263 3571 ec
281 3533 341 3567 war
357 3532 411 3569 oon
423 3515 529 3597 Deimr
546 3520 712 3586 Geeirtrrunp
727 3538 765 3572 zu
816 3522 867 3573 elle
889 3521 1002 3589 patiare
1024 3549 1057 3559 -
1079 3519 1276 3636 eopitondumd
1296 3518 1349 3568 des

232 3592 379 3665 ermonem.
394 3604 428 3622 ·-
445 3601 476 3635 m
501 3586 622 3664 minimis
645 3585 764 3654 ponere]
816 3589 940 3640 Verbum
957 3587 1024 3654 geht
1043 3587 1075 3639 in
1092 3587 1147 3641 deu
1165 3585 1250 3653 Begri
1290 3583 1348 3636 und

233 3672 279 3707 am
302 3659 452 3717 wenrpotert
470 3651 623 3705 Ruekrirbt
638 3655 764 3706 oebmen.
817 3655 863 3708 die
881 3654 1085 3707 Construction
1107 3656 1158 3707 der
1180 3654 1276 3705 Verba
1297 3653 1347 3702 ‹les

233 3749 266 3759 -
277 3719 362 3771 istinc
374 3718 466 3837 consp
484 3720 550 3771 seru
568 3737 622 3772 eon
640 3721 711 3773 Rom
729 3738 765 3775 zn
816 3722 974 3775 Fircbtens
992 3721 1072 3775 tiber.
1097 3720 1212 3773 Ilbenso
1229 3718 1349 3771 verbere

232 3788 325 3867 lebep.
344 3787 374 3837 8.
391 3802 416 3837 n.
432 3786 446 3837 I
464 3786 485 3837 I.
510 3790 549 3867 le.
576 3793 601 3840 3.
618 3817 649 3824 -
667 3789 764 3841 multis
814 3791 879 3841 cide
903 3788 1296 3850 nezEet'etzubedenlcen‚
1313 3785 1347 3836 ob

232 3852 335 3920 clarae]
354 3853 446 3906 Wenn
463 3856 545 3905 mults
561 3855 618 3907 oud
632 3856 703 3908 noch
716 3856 764 3908 ein
814 3858 907 3920 uiolet,
927 3873 956 3907 eo
973 3856 1011 3907 iet
1026 3874 1062 3907 zu
1080 3855 1254 3920 bestialem,
1267 3853 1348 3903 duee.

232 3921 349 3974 nweites
368 3920 501 3986 Adjectiv
519 3921 561 3974 elo
579 3922 710 3977 Attribut
726 3940 763 3975 zu
814 3953 847 3964 -
859 3925 898 3976 ad
908 3920 1036 3990 famous]
1048 3923 1078 3974 8.
1091 3938 1114 3974 ι.
1129 3922 1196 3975 llll.
1210 3925 1250 3973 le.
1261 3923 1288 3974 2.
1305 3919 1347 3970 Im

233 3988 323 4039 einem
337 3987 507 4040 Substantiv
520 3989 712 4053 binzntreteu,
731 4008 763 4042 so
814 3989 1014 4044 Leteiniscb'en
1038 3989 1110 4057 liegt
1125 3989 1187 4042 bier
1205 3989 1251 4040 die
1275 3987 1347 4038 Vor-

232 4052 511 4134 uertentiepeiden
521 4057 765 4124 Adjectivedurcb
815 4058 941 4123 stellung
956 4056 1006 4108 des
1023 4057 1177 4122 Strebens‚
1195 4055 1246 4111 der
1258 4052 1345 4106 Riob-

235 4136 299 4172 erne
339 4120 530 4187 GonJunotion
575 4126 765 4187 verbunden3
815 4132 887 4191 tung
910 4141 946 4176 zu
970 4124 1154 4180 Grundetim
1169 4121 1346 4175 Dentscbenz

232 4200 317 4239 wenn
335 4186 461 4254 dagegen
484 4190 630 4243 molliter
647 4191 693 4244 ein
709 4193 761 4244 be·
816 4193 906 4244 Seleu
918 4194 1040 4244 verder
1054 4191 1138 4243 Tleat,
