3000 4650
516 290 549 348 ll.
566 290 724 349 CLAUDIUS
738 291 941 352 Mauortius.
1227 286 1287 353 147

565 536 746 601 Er1srons
766 535 882 600 XXII.

526 643 722 717 umcunn'us
737 658 887 716 ucuaonr
902 660 929 716 s

250 791 415 854 Plurimum
432 791 558 854 valunse
574 790 652 869 apud
668 806 715 851 me
727 796 809 850 tuam
823 806 941 867 semper
957 789 1162 856 auctoritatem
1173 813 1241 856 cum
1253 797 1284 859 in
1307 805 1324 863 1

166 879 247 939 omni
264 895 298 938 re
316 884 379 939 tum
393 877 424 937 in
441 876 500 937 hoc
519 873 647 935 maxime
660 875 780 952 negotio
799 880 886 952 potes
908 874 1083 938 existimare.
1119 876 1193 940 Cum
1212 880 1286 943 mibi

167 960 198 1022 C.
228 960 385 1023 Marcellus
405 961 498 1021 frater
512 958 727 1020 amantissimus
742 958 815 1028 mei,
830 974 893 1017 non
905 958 1003 1020 'solum
1020 959 1173 1023 consilium
1192 964 1285 1033 daret,

165 1045 219 1107 sed
235 1044 376 1125 precibus
396 1061 516 1125 quoque
543 1060 592 1103 me
612 1041 798 1110 obsecraret,
829 1059 889 1102 non
910 1043 994 1121 prius
1013 1044 1087 1106 mihi
1103 1048 1285 1126 persuadere

165 1131 276 1209 potuit,
293 1125 383 1208 quam
399 1130 457 1190 tuis
474 1135 518 1189 est
534 1127 670 1188 effectum
688 1125 808 1196 litteris,
824 1133 858 1187 ut
871 1133 973 1187 uterer
987 1135 1085 1190 vestro
1099 1132 1300 1207 potissimum

167 1212 300 1275 consilio.
330 1213 389 1274 Res
404 1211 654 1292 quemadmodum
669 1211 707 1271 sit
722 1216 803 1279 acta,
827 1215 942 1272 vestrae
957 1210 1073 1273 litterae
1094 1214 1166 1274 mihi
1187 1214 1284 1277 decla·

165 1303 243 1358 rant.
274 1295 437 1359 Gratulatio
451 1304 501 1358 tua
515 1297 573 1357 etsi
588 1303 633 1377 est
646 1294 721 1354 mihi
733 1292 959 1373 probatissima,
977 1297 1056 1375 quod
1071 1296 1108 1357 ab
1125 1299 1239 1377 optimo
1252 1298 1286 1359 fit

167 1382 280 1451 animo,
309 1388 409 1442 tameo
430 1380 488 1441 boc
507 1380 581 1440 mihi
608 1379 702 1440 multo
715 1378 872 1439 iucundius
887 1387 932 1440 est
948 1386 978 1440 et
992 1381 1119 1458 gratius,
1150 1381 1230 1461 quod
1253 1382 1285 1441 iu

166 1482 281 1525 summa
295 1467 442 1542 paucitate
458 1465 637 1533 amicorum,
657 1464 895 1544 propinquorum
915 1480 950 1523 ac
965 1467 1216 1535 necessariorum,
1234 1465 1284 1545 qui

165 1567 236 1610 vere
251 1565 335 1609 meae
349 1548 436 1610 saluti
450 1550 592 1618 faverent,
606 1554 636 1607 te
651 1547 875 1626 cupidissimum
891 1548 950 1607 mei
962 1548 1201 1627 singularemque
1210 1548 1284 1610 mibi

165 1630 400 1694 benevolentiam
418 1632 598 1711 praestitisse
615 1632 749 1707 cognovi.
782 1628 908 1711 Reliqua
920 1637 990 1692 suut
1004 1632 1156 1701 eiusmodi,
1173 1632 1280 1710 quibus
1302 1640 1322 1699 2

167 1735 237 1796 ego,
252 1718 391 1795 quoniam
406 1716 480 1777 haee
495 1723 579 1779 eraut
593 1722 742 1794 tempora,
759 1714 845 1774 facile
861 1721 889 1777 et
905 1731 999 1793 aequo
1015 1716 1113 1776 animo
1129 1715 1282 1785 carebam3

163 1800 223 1862 boc
239 1816 310 1861 vero
326 1801 470 1863 eiusmodi
486 1818 550 1862 esse
567 1806 679 1869 statuo,
695 1806 728 1859 ut
743 1800 808 1859 sine
822 1797 924 1859 talium
935 1800 1066 1860 virorum
1082 1807 1112 1861 et
1120 1802 1283 1861 amicorum

164 1883 367 1946 benevolentia
383 1902 481 1964 neque
493 1886 524 1945 iu
540 1883 661 1943 adversa
681 1901 779 1961 neque
793 1884 825 1941 iu
841 1883 970 1943 secunda
990 1883 1107 1944 fortuna
1127 1885 1283 1964 quisquam

164 1970 262 2029 vivere
276 1970 377 2049 possit.
406 1968 509 2046 ltaque
524 1968 553 2027 in
569 1967 626 2026 hoc
645 1984 699 2045 ego
715 1965 788 2026 mihi
802 1965 944 2042 gratulor.
976 1967 1021 2028 'l'u
1043 1985 1115 2029 vero
1130 1974 1162 2028 ut
1175 1966 1283 2029 intelli·

168 2068 220 2130 gas
235 2052 349 2113 bomini
365 2053 543 2113 amicissimo
559 2057 589 2111 te
602 2050 741 2112 tribuisse
757 2049 904 2120 officium,
922 2068 957 2110 re
970 2050 1022 2110 tibi
1036 2050 1202 2129 praestabo.
1329 2063 1335 2074 ·

560 2214 741 2278 Emsuoun
752 2213 888 2277 XXIII.

544 2309 659 2395 cronno
677 2337 855 2395 macunen
876 2333 929 2414 s]
1025 2396 1027 2399 ,

250 2452 312 2529 Etsi
327 2466 401 2528 nihil
414 2478 482 2529 crat
500 2470 582 2537 novi,
605 2469 684 2547 quod
698 2467 736 2529 ad
749 2475 781 2530 te
795 2467 973 2537 scriberem,
996 2470 1146 2548 magisque
1167 2470 1279 2532 litteras
1302 2481 1319 2538 1

165 2559 233 2612 tuas
244 2552 303 2611 iam
318 2559 491 2631 exspectare
510 2551 687 2630 incipiebam
709 2550 756 2612 vel
774 2559 804 2612 te
825 2553 924 2630 potius
939 2552 1050 2631 ipsum,
1069 2559 1182 2623 tamen,
1214 2573 1281 2616 cum

197 2770 295 2820 Error.
305 2770 394 2823 XXII.
413 2768 488 2833 (708.
498 2767 556 2831 46.)
573 2768 697 2821 Marcel·
748 2769 915 2836 propinque„
927 2768 1048 2836 necere]
1064 2769 1118 2822 Die
1131 2770 1194 2823 drei
1206 2771 1280 2823 Aus-

164 2834 219 2888 lus*
233 2835 313 2887 batte
336 2851 392 2888 von
417 2835 519 2887 Cicero
538 2835 584 2887 die
601 2834 697 2888 Nach-
749 2835 856 2887 drdclre
868 2835 934 2887 anth
955 2834 1013 2887 lten
1026 2835 1282 2906 eineSteigerung.

164 2902 240 2954 riobt
254 2919 308 2955 von
321 2902 416 2955 seiner
429 2901 637 2970 Begnadigung
649 2920 697 2956 er·
748 2902 839 2954 Amici
854 2902 917 2954 sind
930 2852 1062 2954 ssreunde
1075 2921 1125 2956 aus
1136 2903 1193 2956 Nei
1214 2922 1281 2972 ung,

162 2969 274 3036 holten,
299 2969 356 3022 und
374 2969 464 3021 dankt
483 2969 644 3021 demselben
666 2969 695 3021 in
747 2969 902 3087 {ropinqui
919 2969 1106 3035 Verwundte,
1125 2971 1172 3023 bei
1190 2922 1282 3024 denen

165 3036 268 3089 diesem
280 3035 696 3089 BriefefrirseineBemrihun-
773 3036 837 3088 iebe
897 3045 1114 3103 vorausgesetut
1164 3039 1281 3091 werden

184 3121 228 3157 en.
264 3103 326 3156 Den
354 3104 487 3157 verloren
512 3120 696 3171 gegaugeneu
748 3120 834 3169 muso,
854 3105 937 3168 uber,
954 3103 1137 3157 wiebeiden
1160 3105 1281 3159 meisten

162 3120 248 3222 brief
269 3169 385 3224 Ciceros
409 3171 485 3223 kann
511 3187 563 3223 urus
593 3171 696 3223 dessen
748 3170 942 3224 Vernandten
960 3170 1010 3222 des
1023 3171 1188 3238 Marcellus,
1202 3173 1281 3225 nicht

163 3236 319 3289 Schneiben
334 3238 495 3291 unServius
508 3238 574 3301 (ΙΙΙ.
582 3239 636 3299 32.)
650 3254 696 3290 er·
748 3238 845 3290 immet
863 3237 1026 3289 verbunden
1045 3237 1111 3304 iot),
1129 3241 1282 3291 necessarii

164 3310 273 3356 setzen.
296 3302 350 3355 Die
368 3304 433 3356 Zeit
447 3321 565 3357 unseres
583 3303 696 3358 Briefes
749 3305 814 3357 sind
831 3304 981 3373 allgemein
999 3304 1046 3355 die
1070 3305 1159 3357 durch
1178 3305 1280 3372 irgend

165 3371 277 3489 erqiebt
290 3370 351 3422 sich
364 3386 414 3422 aus
428 3371 479 3423 der
491 3372 628 3440 Vrbmkg.
748 3371 1279 3437 ein(selbstGescbaifts-)Verhiltniss

168 3467 170 3469 ·
213 3476 220 3488 .
239 3444 332 3489 oestro
342 3445 401 3504 pot.
414 3438 547 3505 consilio]
564 3438 653 3491 Nicbt
664 3456 696 3491 so
748 3439 974 3504 Verbundenen‚
988 3455 1031 3490 wo
1042 3438 1069 3490 ei
1090 3438 1280 3491 entlicbeZu-

163 3504 229 3557 eebr
252 3505 298 3556 die
322 3504 423 3557 Gnade
447 3506 497 3557 des
521 3506 696 3558 Herrscbers
749 3505 874 3573 neigung
892 3505 970 3557 nicht
985 3454 1090 3562 einm215
1102 3505 1199 3558 immor
1211 3522 1279 3558 vor·

163 3571 206 3624 als
219 3572 270 3623 der
282 3571 356 3624 Rath
370 3571 419 3624 des
433 3572 559 3625 Bruders
572 3574 629 3625 und
643 3574 694 3626 des
746 3582 932 3643 auszusetzen
956 3572 1008 3633 ist,
1036 3573 1147 3625 obwobl
1168 3573 1214 3625 die
1231 3590 1280 3625 ne-

162 3639 310 3692 Freundes
323 3640 402 3692 butte
414 3638 570 3692 Marcellus
582 3656 618 3691 zu
631 3640 695 3693 dem
744 3640 884 3692 caecitudo
894 3639 966 3692 auch
975 3639 1021 3691 ein
1031 3640 1097 3693 sehr
1107 3640 1270 3706 engesVer·

161 3706 350 3759 Entscblusse
362 3708 515 3773 benogen‚
540 3706 610 3759 nach
623 3707 693 3759 lloru
745 3707 868 3760 biliniss
881 3707 943 3759 sein
956 3707 1040 3758 kann.

161 3773 421 3827 zurdclrzukelrren.
439 3801 472 3813 -
490 3775 525 3824 ob
542 3775 645 3842 optimo
655 3775 695 3840 fit
778 3777 806 3825 2.
824 3774 875 3826 boe
886 3771 969 3842 aero]
988 3790 1027 3825 se.
1041 3775 1115 3840 quod
1126 3773 1157 3825 in
1170 3791 1277 3826 summu

161 3839 273 3907 animo]
300 3841 337 3893 ll.
356 3845 396 3894 13.
413 3846 438 3894 3.
451 3840 520 3892 mibi
531 3843 630 3907 sactu
642 3848 695 3893 eet
743 3841 956 3959 Kuucitoteeet„
968 3840 1277 3893 wovonerscbonvor-

160 3908 326 3975 protelatio.
346 3908 388 3959 Zu
401 3909 435 3960 ab
447 3907 529 3974 (auo)
542 3909 601 3976 rgl.
614 3909 693 3960 Foru.
764 3926 795 3960 er
808 3917 902 3976 sagte,
916 3908 980 3960 dass
994 3925 1023 3960 es
1037 3907 1090 3960 ihm
1100 3908 1151 3959 dus
1161 3907 1278 3961 Liebste

160 3975 240 4029 Vllll.
252 3979 278 4027 9.
292 3978 315 4025 1.
331 3973 377 4027 Tu
387 3982 481 4028 cutem
492 3975 533 4027 eie
544 3976 613 4028 baec
621 3976 695 4027 occi-
747 3976 800 4028 sei.

160 4042 233 4109 pies,
247 4049 281 4093 ut
293 4043 328 4093 ub
344 4044 447 4110 optimo
459 4044 553 4094 animo
570 4062 604 4095 uc
617 4044 695 4094 dedi·
780 4041 1280 4104 Errenxxlss.(i09.45.)l)erBrief

162 4109 268 4161 tisoimo
286 4110 338 4161 tibi
360 4117 388 4161 et
403 4109 526 4175 copitutu
544 4117 572 4163 et
588 4111 694 4177 scripta
746 4126 823 4162 muas
834 4110 871 4161 im
884 4110 1014 4175 Aniunge
1027 4109 1076 4161 des
1088 4108 1189 4160 Jabres
1206 4109 1276 4161 burn

163 4192 221 4226 esee
237 4177 352 4229 iudicer.
368 4178 568 4230 -iucundiuo
584 4185 612 4229 et
626 4193 694 4242 pra·
745 4189 799 4228 vor
829 4175 984 4229 Marcellus
1015 4175 1198 4243 Ermcrdung
1227 4193 1276 4242 ge-

162 4241 238 4309 tius]
258 4244 287 4296 S.
304 4260 329 4296 z.
346 4244 368 4299 l.
387 4249 427 4297 13.
446 4248 471 4296 1.
487 4273 519 4283 -
532 4245 692 4310 amicorum,
744 4243 891 4296 schrieben
905 4243 978 4295 sein.

1009 4324 1073 4394 10*
