3000 4650
610 301 779 360 renuunt.
1209 300 1248 365 19

137 489 195 548 que
217 471 352 548 corporis
374 468 526 530 laboribus
546 468 709 547 defetigari.
746 467 792 530 llle
811 468 969 529 miserum!
999 477 1029 531 te
1051 471 1104 532 ista
1131 473 1246 542 virtute,

136 555 212 626 fide,
236 553 397 633 probitate,
424 553 604 615 humanitate
621 554 650 612 in
666 559 761 614 tantas
786 570 943 614 aerumnas
963 561 1087 633 propter
1105 575 1153 616 me
1176 558 1248 618 inci-

137 639 229 701 dissel
258 637 471 717 Tulliolamque
486 646 628 708 nostram,
644 657 679 698 ex
695 655 753 717 quo
767 640 851 716 patre
866 645 962 698 tantas
976 638 1137 716 voluptates
1151 642 1248 720 capie-

136 723 202 793 bat,
224 741 258 784 cx
279 742 314 784 eo
337 730 433 784 tantos
456 725 610 804 percipere
635 722 744 783 luctus!
779 721 854 782 Nam
878 721 947 800 quid
972 740 1027 800 ego
1048 726 1085 784 de
1107 724 1249 786 Cicerone

137 809 251 868 dicam?
275 809 325 886 qui
348 826 414 868 cum
430 809 558 885 primum
574 825 678 886 sapere
696 806 810 884 coepit,
831 805 1036 868 acerbissimos
1056 807 1175 869 dolores
1193 812 1249 870 mi·

137 895 287 972 seriesque
299 893 440 970 percepit.
464 892 545 964 Quae
556 893 589 961 si,
605 899 637 952 tu
649 898 681 951 ut
692 889 807 958 scribis,
823 889 883 950 lato
895 891 971 950 lacta
982 898 1128 970 putarem,
1139 894 1248 954 terrem

136 975 235 1054 paullo
251 975 382 1045 facilius;
398 975 447 1037 sed
466 979 563 1037 omnia
579 981 646 1036 sunt
660 990 724 1035 mea
743 973 828 1052 culpa
845 977 1014 1043 commissa,
1036 977 1087 1054 qui
1101 977 1139 1036 ah
1151 979 1186 1037 iis
1202 997 1248 1038 me

137 1063 228 1122 amari
244 1061 398 1139 putabam,
424 1061 473 1138 qui
488 1059 668 1132 invidebant,
693 1075 744 1120 eos
764 1077 825 1120 nou
846 1059 1007 1137 sequebar,
1031 1062 1082 1139 qui
1099 1062 1245 1140 petebant.

137 1143 248 1215 Quodsi
271 1147 380 1207 nostris
400 1145 527 1206 consiliis
556 1147 602 1206 usi
623 1161 755 1208 essemus
776 1161 873 1222 neque
893 1144 969 1221 apud
990 1162 1044 1206 nos
1064 1153 1177 1208 tantum
1198 1165 1246 1209 va·
1268 1148 1288 1208 2

136 1229 239 1291 luisset
259 1247 356 1291 sermo
373 1237 423 1290 aul
439 1229 594 1290 stultorum
611 1229 774 1290 amicorum
791 1235 840 1289 aut
856 1229 1070 1306 improborum,
1087 1230 1248 1292 beatissimi

137 1317 308 1376 viveremus.
338 1313 433 1384 Nunc,
449 1316 589 1392 quoniam
600 1331 722 1393 sperare
736 1331 791 1373 nos
805 1313 892 1372 amici
902 1312 1013 1382 iubent,
1029 1313 1106 1374 dabo
1117 1333 1249 1394 operam,

138 1417 175 1460 ne
190 1417 255 1460 mea
271 1398 405 1459 valetudo
421 1405 473 1459 tuo
488 1396 583 1460 labori
598 1399 682 1459 desit.
715 1397 774 1458 lles
789 1404 897 1476 quante
910 1399 956 1467 sit,
969 1397 1109 1475 intelligo,
1125 1409 1249 1478 quanto-

137 1503 195 1564 que
211 1483 299 1544 luerit
313 1481 427 1543 lucilius
442 1501 562 1544 manere
577 1483 656 1543 domi
671 1501 760 1561 quarn
775 1482 882 1543 redire.
912 1482 970 1542 Sed
984 1488 1092 1553 tamem
1106 1486 1131 1545 si
1147 1503 1250 1546 omnes

136 1567 272 1629 tribunos
286 1566 326 1646 pl.
342 1567 501 1638 habemus,
523 1570 549 1628 si
563 1566 720 1630 Lentulum
736 1574 797 1626 tam
817 1567 994 1636 studiosum,
1018 1585 1105 1646 quam
1125 1569 1247 1638 videtur,

138 1653 164 1714 si
184 1669 253 1713 vero
273 1654 360 1714 etiam
377 1652 551 1731 Pompeium
567 1660 596 1713 et
610 1651 780 1721 Gaesarem,
802 1668 862 1710 non
878 1659 921 1711 est
934 1651 1160 1729 desperandum.
1204 1653 1247 1714 be
1270 1653 1288 1713 3

136 1737 254 1806 familia,
274 1737 422 1815 quomodo
437 1736 581 1814 placuisse
597 1735 703 1798 scribis
717 1736 828 1804 amicis,
848 1735 999 1797 faciemus.
1023 1736 1065 1797 be
1080 1735 1156 1807 loco,
1172 1755 1251 1798 nunc

138 1822 255 1902 quidem
285 1822 342 1882 iam
369 1820 440 1882 abiit
465 1820 644 1899 pestilentia,
673 1821 723 1881 sed
746 1820 884 1897 quamdiu
901 1820 968 1889 luit,
993 1838 1042 1881 me
1067 1837 1126 1880 nou
1147 1823 1249 1898 attigit.

139 1905 283 1975 Plancius,
299 1906 388 1966 homo
406 1905 649 1976 officiosissimus,
666 1922 712 1968 me
731 1907 811 1983 cupit
830 1922 895 1965 esse
913 1922 1015 1966 secum
1035 1913 1065 1966 et
1085 1904 1183 1966 adhuc
1204 1925 1250 1966 re·

138 1991 218 2051 tinet.
250 1991 312 2068 Ego
335 1989 468 2051 volebam
489 1990 554 2051 loeo
573 1991 664 2067 magis
679 1989 798 2050 deserto
822 2006 888 2050 esse
906 1990 936 2049 in
951 1989 1057 2068 Epiro,
1082 2008 1139 2069 quo
1156 2008 1252 2068 neque

139 2074 230 2154 Hispo
251 2075 363 2136 veniret
382 2093 438 2136 nec
456 2074 578 2143 milites;
600 2075 651 2135 sed
673 2073 770 2134 adhuc
788 2071 925 2135 Plancius
940 2091 988 2135 me
1011 2077 1131 2136 retinet:
1153 2083 1253 2154 sperat

139 2175 225 2237 posse
241 2160 314 2230 heri,
334 2167 366 2222 ut
381 2176 499 2220 mecum
513 2161 543 2219 in
558 2159 669 2220 ltaliam
684 2157 816 2219 decedat.
838 2157 935 2229 Quem
950 2176 1004 2236 ego
1020 2159 1099 2220 diem
1113 2160 1138 2219 si
1151 2158 1252 2220 videro

140 2326 218 2379 istiu
230 2326 436 2380 Thessalonich
447 2328 595 2393 hegennen
615 2325 670 2377 und
722 2324 785 2377 dem
815 2325 865 2377 dee
890 2326 1009 2392 Subiect
1037 2326 1097 2379 sich
1126 2328 1173 2380 hei
1202 2328 1253 2380 der

139 2396 167 2445 in
175 2394 389 2461 Dyrrhachium,
398 2395 489 2447 vvohin
501 2394 602 2447 Cicero
611 2393 672 2446 sich
721 2392 877 2459 Hendlung
889 2393 1024 2446 befindet.
1035 2422 1067 2432 -
1079 2412 1185 2449 nemea
1197 2397 1253 2448 vul.

139 2464 244 2528 hegeh,
264 2478 308 2513 um
321 2462 424 2514 Italien
443 2462 530 2513 nh'her
547 2477 581 2513 zu
599 2460 670 2526 sein,
793 2461 879 2527 derit]
897 2481 931 2506 ε
948 2461 1012 2513 dees
1030 2462 1103 2513 mein
1121 2463 1253 2515 Gesund-

140 2546 182 2581 am
199 2532 240 2579 26.
259 2530 420 2581 November
437 2529 575 2596 beendigt
596 2546 670 2581 wor-
722 2528 843 2580 eustend
873 2528 926 2579 Dir
954 2528 1033 2580 nicht
1060 2530 1106 2581 die
1130 2530 1253 2582 Prdchte

140 2596 203 2649 den.
230 2596 435 2663 Vgl.z.ll.10.
722 2595 829 2647 Deiner
852 2594 954 2647 Arbeit
982 2595 1030 2647 lsrr
1059 2596 1130 2648 mich
1160 2598 1254 2651 reubt.

174 2668 197 2715 1.
217 2662 290 2715 Num
301 2664 370 2743 quid
381 2680 429 2730 epo
446 2701 452 2715 .
473 2703 479 2715 .
499 2662 598 2731 dicum]
614 2663 671 2715 utu
722 2662 836 2729 Vglll.
848 2667 875 2715 9.
887 2667 915 2714 2.
931 2690 963 2699 —
981 2680 1025 2714 ree
1041 2672 1150 2731 quantu
1161 2664 1210 2730 eit]
1228 2666 1253 2719 d.

138 2731 264 2799 Beispiel
282 2731 329 2782 fur
349 2731 395 2784 die
412 2730 585 2800 occupatio,
608 2731 671 2784 eine
721 2729 740 2781 i.
754 2730 809 2782 wie
820 2730 972 2799 schwierig
984 2731 1033 2783 das
1045 2732 1253 2784 Untcruehmen

140 2798 414 2867 Uebergongslorm‚
444 2799 489 2852 die
515 2799 576 2851 dem
600 2798 671 2850 Ein·
723 2798 774 2863 ist,
798 2798 888 2849 meine
904 2798 1130 2867 Rdclrberufung
1151 2800 1254 2851 durch-

141 2866 231 2918 wurle
250 2865 470 2934 entgegentritt‚
493 2882 599 2921 warum
621 2867 671 2918 der
723 2872 864 2919 zusetzen,
885 2892 919 2902 —-
938 2864 1079 2932 babemus]
1102 2884 1181 2919 menn
1204 2868 1255 2919 wir
1323 2882 1326 2887 ·

141 2934 321 3053 {preehende
343 2935 394 2987 des
416 2934 467 2987 mit
483 2950 548 2985 uam
565 2933 672 3053 Einqe-
723 2933 778 2985 olle
793 2931 935 2984 Tribunen
946 2932 1049 2998 huben,
1069 2933 1096 2985 d.
1108 2935 1128 2987 i.
1142 2936 1194 2986 eus
1204 2951 1255 2986 un—

172 3002 234 3055 hrte
252 3001 324 3054 noch
340 3002 418 3055 nicht
434 3002 570 3055 orwhhnt.
604 3002 671 3053 Asc
724 3017 803 3052 sercr
820 2999 898 3052 Seite
919 3000 1018 3053 hohen.
1036 3028 1069 3037 —-
1085 3002 1252 3069 studiosum]

141 3071 258 3136 ergiinzt
276 3086 352 3122 meu:
375 3070 423 3122 lch
441 3070 512 3122 habe
529 3070 600 3122 eben
618 3085 672 3121 nur
724 3068 913 3120 sc.lrebemua.
934 3068 1197 3137 AndereBeispiele
1208 3070 1255 3121 fuir

142 3154 196 3189 von
212 3136 310 3190 Tullia
327 3138 516 3205 gesprochen‚
535 3136 609 3189 denn
623 3172 650 3191 ..
666 3174 673 3188 .
725 3135 823 3188 diesen
836 3135 1164 3189 Prddicats-Accusutiv
1177 3138 1255 3189 sinde

141 3232 174 3242 -
190 3206 238 3273 qui
256 3205 290 3256 ab
309 3205 345 3257 r‘r'e
363 3205 424 3272 ete]
442 3206 475 3257 ln
488 3205 542 3258 den
555 3204 672 3256 Brielen
724 3204 802 3255 Fam.
815 3200 867 3254 XI.
879 3207 921 3254 24.
932 3208 959 3255 2.
982 3204 1075 3255 Habes
1092 3206 1254 3256 amantissi-

143 3272 259 3323 Ciceros
278 3288 328 3324 aue
347 3272 442 3325 dieser
455 3272 519 3325 Zeit
535 3271 619 3323 kebrt
631 3272 675 3323 oft
724 3288 798 3322 mum
815 3270 949 3322 Seruium.
974 3270 1013 3322 ib.
1030 3272 1089 3324 1.4.
1104 3277 1126 3322 1.
1153 3272 1195 3324 Ee
1211 3273 1256 3323 die

142 3339 282 3407 dieKluge
293 3339 408 3405 wieder,
419 3340 483 3393 dass
491 3339 674 3393 boseFreun-
724 3339 851 3389 acerbum
863 3337 1011 3393 habuimus
1023 3338 1177 3390 Curionem.
1192 3339 1255 3406 Vgl.

143 3406 177 3459 de
194 3406 241 3458 ihn
258 3407 346 3460 durch
363 3407 418 3459 den
431 3408 517 3473 Rath,
531 3406 576 3459 die
590 3406 676 3459 Stude
725 3421 749 3459 z.
762 3406 784 3457 l.
796 3408 821 3457 7.
836 3408 859 3456 1.
877 3433 909 3442 -
926 3404 1087 3473 Lentulum]
1102 3406 1134 3457 P.
1147 3407 1255 3458 Corne-

142 3491 175 3526 ιιι
188 3474 349 3541 verlassen,
362 3491 396 3527 zu
407 3476 524 3527 Grunde
533 3474 676 3543 gerichtet
726 3474 781 3524 lius
795 3471 931 3523 Lentulus
944 3472 1093 3540 Spinther,
1109 3474 1175 3527 Cos.
1188 3474 1215 3525 d.
1228 3474 1256 3525 J.

142 3542 246 3597 hittun,
265 3542 365 3594 Cicero
375 3559 434 3595 mar
444 3542 532 3594 durch
541 3542 602 3594 sein
612 3540 674 3593 Un-
723 3544 765 3595 67.
790 3538 853 3606 Vgl.
866 3554 890 3591 z.
904 3539 940 3590 Π.
955 3543 995 3592 10.
1008 3544 1036 3592 2.

143 3608 225 3677 gluck
239 3626 274 3660 uu
296 3610 563 3677 erechtgeworden.
579 3637 605 3645 -
625 3610 673 3677 qui
757 3612 782 3659 3.
800 3606 843 3659 De
854 3605 922 3673 locu]
937 3607 965 3660 S.
977 3624 1002 3659 u.
1016 3608 1107 3664 1.1.4.
1119 3608 1257 3663 Terentia

142 3626 295 3744 petebant?
308 3678 351 3729 die
372 3678 442 3729 mich
465 3678 594 3741 euehleu',
620 3678 673 3727 mir
723 3676 802 3726 hatte
817 3674 999 3793 Beeorqnisse
1016 3693 1114 3742 wegeu
1131 3677 1210 3729 elner
1227 3676 1256 3727 in

29 3786 31 3819 ι
145 3744 292 3810 unhinpen.
723 3741 909 3795 Thessalouic
931 3743 1257 3797 herrschendenKrenk·

176 3814 203 3863 2.
226 3810 392 3878 beatissimi]
417 3812 481 3879 Vgl.
500 3811 559 3862 nte.
579 3811 630 3863 lll.
648 3814 672 3862 ὃ.
724 3811 784 3862 hell
804 3811 961 3877 gedussert.
982 3839 1017 3849 -
1031 3812 1182 3879 Plancius]
1203 3813 1256 3866 Cn.

32 3928 33 3931 ,
145 3878 202 3945 Epo
219 3880 282 3930 uiuo
303 3879 482 3931 miserrimus.
500 3879 577 3931 Fam.
595 3878 671 3930 XVI.
724 3878 859 3930 Plancius
873 3894 933 3929 wer
945 3879 963 3931 i.
974 3878 999 3932 J.
1009 3881 1041 3929 58
1054 3878 1196 3941 Quaestor
1207 3881 1255 3930 des

31 3964 40 4005 ι
147 3950 226 4001 18.1.
255 3946 312 3997 Fue
330 3946 579 3998 bellusreoerlore.
615 3946 672 3997 Das
719 3946 758 3998 L.
771 3944 930 4014 Appulejus
947 3946 976 3997 in
994 3946 1180 3999 Macedonien
1199 3946 1255 3997 und

146 4014 253 4081 deject.
272 4013 347 4067 steht
363 4029 425 4064 vom
440 4014 535 4095 Sobel:
553 4030 672 4095 eugeqo-
724 4013 837 4096 leistete
861 4013 923 4065 dem
948 4014 1130 4066 Verbennten
1178 4030 1257 4094 resse

146 4098 204 4201 til.
217 4081 674 4202 bethtled‘htdlll’ld
724 4080 1191 4227 l}{”llt·.l.el¹.·.ll.t.·...{
1214 4078 1256 4198 :l

146 4214 307 4277 Welse'der
319 4217 473 4283 Hendlung
489 4216 531 4269 als
549 4218 598 4269 der
617 4216 673 4268 Zu-
726 4216 793 4269 Coe.
813 4216 846 4268 L.
868 4215 1042 4284 Calpurnius
1063 4215 1143 4277 Piso,
1166 4226 1255 4265 eonem

148 4284 227 4338 etend
245 4284 410 4339 bezeichnet
426 4284 546 4339 werden*
559 4284 625 4351 soll,
644 4285 673 4336 in
725 4284 852 4352 heltigen
866 4285 982 4351 Gegner
993 4283 1124 4345 Ciceros,
1141 4276 1256 4330 ertheilt

1004 4364 1047 4431 2*
