3000 4650
181 311 183 320 ¹
277 237 338 300 194
646 240 891 301 Libitinensi.
909 246 1025 298 m-nu

232 410 253 471 2
275 406 340 466 riro
357 405 482 484 optimo,
501 405 592 466 fratre
609 412 676 474 tuo,
701 412 731 466 et
750 423 788 466 cx
807 405 839 466 C.
855 404 967 464 Furnio
986 405 1098 483 poteris
1118 421 1307 483 cognoscere.
1339 404 1400 464 Me

274 497 372 551 autem
393 489 510 566 impulit
534 491 575 550 tui
596 492 723 564 caritas,
748 497 790 557 ut,
814 507 993 568 quamquam
1007 506 1063 548 nec
1083 487 1138 548 tibi
1160 490 1217 567 ipsi
1232 485 1395 548 consillum

273 574 389 635 deesset
410 581 440 634 et
459 573 560 634 stabis
575 573 738 650 Furniique
760 570 961 634 benevolentia
982 571 1135 651 fidelisque
1154 571 1312 650 prudentia
1333 570 1394 631 tibi

273 665 392 736 praesto
413 664 491 718 esset
508 657 620 724 itura,
649 655 755 717 vellem
773 662 873 717 tamen
893 674 976 717 meae
996 673 1115 736 qnoque
1132 656 1314 717 auctoritatis
1329 673 1395 733 pro
1469 644 1470 703 l

272 740 406 819 plurimis
421 741 530 800 nostris
547 739 815 802 necessitudinibus
836 749 1028 818 praeceptum
1044 739 1083 800 ad
1102 746 1133 802 te
1148 738 1267 818 aliquod
1281 756 1392 817 perre-

272 826 346 887 nire.
374 823 467 885 Crede
483 825 572 902 igitur
588 823 675 892 mibi,
691 822 816 894 Plance,
831 841 948 893 omnes,
966 842 1041 903 quos
1055 822 1152 884 adhuc
1169 823 1278 902 gradus
1292 823 1391 899 digni·

272 909 340 969 tatis
355 915 530 968 consecutus
543 909 583 967 sis
601 941 635 952 —
653 926 686 968 es
700 915 798 968 autem
812 905 935 986 adeptus
949 907 1144 984 amplissimos
1161 941 1208 977 -,
1224 924 1276 968 eos
1293 906 1392 966 hono·

272 1009 339 1052 mm
354 991 496 1052 vocabula
512 990 680 1060 babituros,
700 1008 760 1050 non
777 990 924 1069 dignitatis
939 992 1078 1068 insignia,
1095 992 1153 1051 nisi
1165 999 1278 1052 tecum
1295 989 1389 1051 liber·

271 1083 332 1138 tate
342 1075 445 1156 popmi
455 1074 581 1136 Romani
590 1081 701 1135 etcum
712 1082 832 1135 senatus
846 1075 1020 1136 auctoritate
1033 1076 1242 1136 conmnxeds.
1258 1075 1390 1151 seiunge

272 1166 311 1230 te,
331 1157 624 1238 quiescebamus
640 1157 735 1228 abiis,
751 1176 819 1218 cum
835 1157 943 1238 quibus
954 1165 986 1220 te
999 1176 1060 1219 non
1071 1158 1318 1226 tuum-iudicium,
1332 1157 1390 1218 sed
1469 1202 1470 1211 ,

169 1250 172 1274 ¹
234 1248 254 1308 3
274 1251 442 1321 temporum
466 1241 559 1302 omna
581 1243 814 1315 ‚coniunxeunmt
845 1241 1019 1321 Compbtres
1042 1244 1074 1302 in
1094 1242 1315 1321 perturbatione
1341 1242 1391 1301 rei
1469 1262 1470 1279 ¹

271 1326 408 1404 publicae
431 1327 566 1386 consules
580 1325 666 1394 dicti,
688 1343 815 1404 quornm
830 1344 918 1388 nemo
932 1325 1097 1388 aemularis
1110 1326 1244 1397 babitus,
1265 1326 1321 1386 nisi
1336 1326 1390 1403 qui

272 1411 370 1472 animo
397 1411 507 1470 exeunt
532 1412 562 1468 in
587 1427 651 1470 rem
670 1409 823 1489 publicam
837 1409 993 1472 consulti.
1030 1407 1132 1470 ialam
1157 1411 1246 1488 igitur
1271 1416 1300 1469 te
1320 1425 1391 1470 csse
1469 1450 1470 1461 ,

272 1500 403 1574 oportet,
425 1495 475 1573 qui
496 1495 627 1574 priunum
640 1500 672 1554 tc
696 1493 734 1554 ab
755 1495 915 1573 impiorum
932 1494 1038 1555 citium
1060 1495 1103 1554 tui
1126 1493 1389 1554 dissimillimorum

271 1580 412 1640 societate
431 1578 584 1657 seiungam
606 1577 713 1640 deinde
728 1585 759 1640 te
775 1581 890 1640 senatui
907 1578 1053 1656 bonisque
1069 1577 1208 1638 onnnibus
1222 1583 1387 1645 auctorem,

239 1680 249 1697 ⁸
271 1664 447 1742 prinoipem,
467 1663 573 1723 ducem
586 1661 745 1741 praebeam
763 1669 930 1740 postremo,
945 1670 979 1722 ut
997 1679 1102 1740 pacem
1120 1679 1186 1724 asse
1199 1661 1311 1722 iudices
1325 1677 1389 1720 non
1469 1666 1470 1703 l

270 1749 303 1806 in
317 1747 407 1807 armis
421 1747 539 1822 positis,
558 1746 611 1806 sed
630 1748 663 1806 in
678 1745 794 1807 abiecto
809 1763 962 1806 armornm
977 1753 1006 1806 et
1019 1747 1167 1806 serrimtis
1184 1753 1275 1806 metu.
1304 1745 1388 1805 llaec

272 1832 297 1891 si
312 1838 341 1892 et
358 1846 428 1907 ages
445 1836 474 1890 et
487 1831 612 1899 senties,
632 1837 696 1890 tum
712 1831 773 1891 eris
787 1847 848 1890 non
865 1830 953 1890 modo
968 1827 1073 1891 consul
1094 1828 1313 1897 etconsularis,
1333 1829 1389 1889 sed

272 1929 399 1992 magnus
416 1914 503 1974 etiam
518 1911 622 1974 consul
638 1918 668 1974 et
683 1911 856 1974 consularis.
884 1914 937 1974 Sin
952 1912 1053 1983 aliter,
1067 1920 1131 1974 tum
1145 1914 1175 1972 iu
1189 1915 1252 1974 istis
1266 1911 1386 1992 amplis-

272 1998 354 2057 simis
374 1996 542 2057 nominibus
564 1997 712 2057 honorum
737 2014 797 2057 non
813 1997 902 2057 modo
925 1996 1051 2074 dignitas
1072 1995 1151 2057 nulla
1168 1998 1237 2067 crit,
1257 1997 1311 2058 sed
1330 1998 1390 2056 erit

272 2097 387 2141 summa
403 2080 581 2142 deformitas.
624 2080 704 2142 Haec
722 2078 866 2159 impulsus
883 2079 1087 2142 benevolentia
1102 2082 1205 2158 scripsi
1215 2080 1324 2162 paullo
1339 2098 1387 2140 sc·

272 2165 387 2230 verius;
404 2181 478 2240 quae
497 2170 530 2222 tu
544 2165 576 2223 in·
596 2164 776 2240 experiendo
798 2166 976 2233 curatione,
1000 2182 1075 2242 quae
1095 2172 1125 2226 te
1141 2165 1228 2241 digua
1243 2171 1299 2233 est,
1316 2181 1387 2224 vera

198 2264 211 2291 r
274 2263 339 2307 esse
353 2263 523 2325 cognosces.
542 2247 576 2307 D.
593 2265 659 2307 x111.
676 2247 740 2308 Kal.
756 2247 883 2327 Apriles.

691 2412 872 2478 Emsnonn
886 2413 964 2477 XV.

663 2536 811 2593 PLANGUS
833 2536 990 2593 CICERONI.

235 2668 252 2727 1
361 2663 449 2725 Plura
470 2663 525 2724 tibi
548 2664 585 2725 de
608 2666 682 2725 meis
702 2664 831 2726 consiliis
850 2665 1012 2727 scriberem
1032 2668 1236 2746 rationemque
1256 2668 1386 2726 omnium
1467 2693 1468 2722 ;

273 2764 376 2808 rerum
389 2746 546 2809 redderem
562 2748 722 2820 verbosius,
740 2751 899 2829 quomagis
910 2751 1056 2811 iudicares
1068 2754 1166 2820 omnia
1177 2769 1225 2811 me
1235 2752 1279 2811 rel
1291 2749 1384 2828 publi·
1467 2761 1469 2830 ς

273 2849 327 2893 cae
338 2833 528 2910 praestitisse,
545 2850 621 2912 quae
633 2840 662 2894 et
673 2840 724 2893 tua
738 2833 942 2895 exhortatione
955 2836 1059 2913 excepi
1073 2844 1102 2894 et
1111 2853 1177 2895 mea
1192 2834 1386 2894 albimatione

272 2915 327 2976 tibi
351 2918 451 2994 recepi
465 2950 508 2963 -
522 2933 584 2976 non
603 2918 702 2978 minus
722 2919 800 2978 enim
824 2935 842 2977 a
863 2925 892 2979 te
913 2917 1037 2995 probari
1056 2935 1145 2997 quam
1167 2918 1248 2994 diligi
1268 2936 1383 2996 semper

272 2998 368 3067 rolui;
383 3016 439 3059 neo
455 3004 485 3085 te
499 3002 595 3075 magis
611 3002 642 3059 in
658 2999 744 3077 culpa
755 3001 942 3063 defensorem
956 3001 1028 3061 mibi
1043 3004 1151 3079 parari,
1167 3019 1253 3080 quam
1269 3002 1382 3080 praedi-

274 3088 406 3141 catorem
424 3081 598 3142 meritorum
616 3100 750 3144 meorum
767 3102 831 3146 esse
845 3084 925 3145 volui
941 3106 995 3144 -:
1011 3085 1063 3146 sed
1073 3084 1239 3145 breviorem
1250 3103 1299 3146 me
1311 3085 1383 3145 dnae
1465 3127 1466 3132 κ

273 3181 322 3225 res
332 3163 460 3224 iaciunt:
473 3182 540 3236 una,
553 3165 633 3243 quod
643 3166 772 3245 publicis
781 3168 887 3230 litteris
899 3170 1067 3229 omniasum
1079 3177 1267 3246 persecutus;
1284 3168 1381 3237 altera,

274 3312 472 3393 S.z.11·11.1n.
487 3316 510 3366 1.
524 3342 557 3352 -
569 3316 660 3379 fratre
672 3315 737 3384 tuo]
753 3316 806 3369 Cn.
857 3316 1029 3375 sulariscbes
1047 3317 1203 3371 Vendienst
1227 3320 1283 3372 und
1309 3316 1383 3370 nicht

272 3380 421 3432 Munatius
433 3381 572 3445 Plancus,
589 3382 640 3435 der
653 3390 737 3436 noter
750 3384 806 3436 sei·
856 3382 934 3436 bloss
948 3385 1002 3438 den
1019 3385 1130 3439 Numen
1146 3385 1234 3439 hatte.
1246 3386 1322 3437 -in
1338 3400 1392 3436 ca:
1464 3383 1465 3398 ³

274 3462 336 3499 nom
349 3446 502 3500 Brnderin
516 3448 631 3501 Galllen
644 3449 748 3502 dieuco.
891 3450 1001 3520 ricardo]
1033 3469 1113 3505 menn
1135 3452 1184 3505 Du
1206 3453 1248 3504 ote
1281 3452 1382 3518 (meino

307 3517 331 3566 2.
362 3530 428 3570 ena.
443 3551 449 3565 .
464 3515 628 3583 babituros]
648 3516 706 3569 Euo
723 3516 807 3569 meist
855 3468 1058 3587 ffamchlige)
1070 3520 1222 3574 veramne.

272 3580 436 3701 sitnia
448 3581 807 3714 ,inattenuata
889 3621 986 3673 E
997 3620 1055 3671 xv·
1069 3619 1141 3686 (⁷11.
1153 3618 1211 3682 e>
1234 3618 1293 3672 ner
1305 3618 1385 3671 ror

271 3713 350 3767 rnen.
373 3714 806 3783 nerstunuemrewnruen,
854 3684 1240 3753 i⁸l³¹¹¹l¹⁵f²ss⁰⁸⁰¹³⁵⁸b0¹¹·

272 3779 318 3833 die
329 3780 374 3845 Du
394 3780 474 3833 erlan
514 3820 522 3843 ,
546 3783 662 3836 werden
680 3798 734 3835 nur
757 3784 803 3836 die
888 3788 913 3835 1.
926 3786 1258 3838 rationem..redderem
1286 3784 1382 3836 :lle-

218 3872 221 3878 ·
271 3846 368 3901 leercn
381 3846 460 3901 Titcl
494 3848 628 3917 erElrre,
654 3849 732 3902 nicht
757 3850 803 3904 dle
852 3852 1015 3918 cbenecbnft
1029 3854 1126 3918 peden,
1150 3854 1257 3919 Auseod
1290 3871 1319 3905 ce
1338 3869 1380 3918 pc-

270 3914 419 3995 Insignien
443 3915 495 3968 der
519 3916 626 3970 Wrirde
650 3916 752 3970 beben.
771 3946 803 3955 -
854 3918 908 3969 ben
922 3918 991 3971 iiber
1005 3919 1110 3974 Etwnc.
1120 3948 1155 3959 ·-
1167 3920 1275 3989 excepi]
1300 3920 1381 3971 Ecci-

181 4021 183 4025 .
258 3982 307 4032 ‘ab
318 3980 372 4049 ias]
386 3998 443 4033 von
456 3982 509 4035 den
522 3982 723 4039 Cinarienern.
850 4002 918 4053 porc
928 4006 964 4032 =
974 3987 1123 4056 suscipere.
1147 3988 1230 4041 Brut.
1243 3991 1286 4040 69,
1306 3988 1380 4038 labo-

304 4050 330 4099 3.
364 4048 540 4117 contuleris]
582 4050 608 4105 d.
634 4051 653 4103 i.
673 4050 719 4104 ein
747 4050 803 4103 scl-
852 4069 1024 4120 reomaenses
1038 4053 1332 4124 mum-recept]
1350 4054 1378 4105 8.

251 4110 352 4178 ὼν,
377 4114 428 4166 dor
452 4116 489 4168 im
513 4116 802 4171 wahrcnSinnedes
853 4118 1376 4191 2.11.1.n.-0utp·]8.1o.1.,-

271 4178 386 4231 Wortea
398 4180 667 4251 einOonsnluwar,
678 4185 801 4239 dercon·
853 4186 972 4254 publicio
983 4188 1103 4257 litteris]
1129 4188 1259 4241 Gemeint
1277 4188 1317 4241 ist
1332 4187 1381 4241 des
