3000 4650
538 282 566 336 T.
583 281 767 338 POMPONIUS
782 281 930 338 urricus.
1247 275 1287 340 79

174 446 252 509 illius
266 452 418 523 potestate.
452 445 494 508 lle
509 444 640 516 Metello,
658 447 775 525 scripsit
792 445 828 506 ad
843 463 891 506 me
905 441 1011 515 frater',
1027 452 1168 525 quantum
1186 463 1286 525 spera·

173 535 222 601 rit,
238 531 401 612 perfectum
417 548 481 592 esse
494 547 548 608 per
562 538 601 591 te.
639 530 679 590 lli
695 530 853 608 Pomponi,
877 545 989 608 pugna,
1013 537 1046 591 ut
1060 537 1157 591 tecum
1173 536 1283 593 etcum
1307 536 1325 598 3

174 618 249 678 meis
264 614 337 676 mihi
350 614 438 676 liceat
453 615 557 684 rivere,
574 622 603 676 et
616 612 714 702 scribe
728 614 766 674 ad
781 632 828 674 me
845 615 952 674 omnia.
983 614 1107 675 Premor
1125 614 1215 685 luctu,
1232 617 1282 678 do·

175 701 283 761 siderio
303 701 436 844 omffum
454 717 605 768 meorum,
625 699 675 779 qui
697 698 768 758 mihi
790 717 845 774 me
861 701 991 760 cariores
1011 717 1129 777 semper
1155 699 1283 761 luerunt.

175 785 267 855 Cura,
282 790 347 846 utu
377 801 435 844 eas.

258 868 331 946 Ego,
347 867 435 946 quod,
446 865 684 947 perThessaliam
694 868 719 928 si
731 868 807 928 irem
819 866 987 946 inEpirum,
1002 867 1107 946 perdiu
1118 866 1191 928 nihil
1202 886 1283 930 eram
1306 877 1325 936 4

173 955 342 1021 auditurus,
364 960 393 1013 et
406 953 484 1030 quod
499 953 557 1012 mei
572 952 718 1012 studiosos
735 951 831 1013 habeo
847 951 1083 1031 Dyrrhachium,
1099 952 1135 1014 ad
1152 971 1202 1014 eos
1216 971 1286 1034 per-

172 1041 251 1109 rexi,
268 1054 338 1098 curn
352 1034 402 1097 illa
422 1037 576 1115 superiora
590 1035 817 1097 Thessalonicae
838 1037 1032 1114 scripsissem.
1066 1037 1138 1098 Inde
1158 1056 1225 1098 cum
1249 1038 1285 1099 ad

171 1131 202 1186 te
216 1141 265 1184 me
283 1127 467 1189 convertam,
482 1120 589 1181 iaciam
607 1126 639 1181 ut
653 1122 744 1188 sciam
760 1128 850 1200 tuque
866 1120 904 1180 ad
918 1139 966 1181 me
981 1119 1067 1188 velim
1084 1123 1182 1183 omnia
1198 1140 1286 1201 quam

172 1207 408 1285 diligentissime.
429 1205 604 1267 cuicuimodi
620 1211 704 1276 sunt,
720 1205 841 1266 scribas.
878 1204 941 1283 Ego
960 1205 1019 1266 mm
1039 1214 1088 1267 aut
1103 1224 1167 1267 rem
1184 1214 1234 1268 aut
1247 1224 1285 1267 ne

172 1309 255 1370 spem
272 1288 389 1370 quidem
407 1297 553 1368 exspecto.
584 1289 655 1351 bata
670 1309 713 1352 vr.
730 1288 794 1350 llal.
809 1287 967 1351 Decembr.
979 1289 1169 1370 Dyrrhachio.

602 1455 852 1520 ErrsronaXI.

576 1579 691 1637 moino
713 1578 833 1638 arrico
854 1577 881 1635 S.

255 1695 382 1757 Litterae
402 1695 475 1755 mihi
489 1712 506 1755 a
522 1694 630 1766 Quinto
650 1693 742 1757 fratre
764 1712 832 1755 cum
846 1700 966 1756 senatus
980 1692 1127 1764 consulto,
1151 1694 1229 1774 quod
1247 1696 1284 1757 de

171 1799 220 1842 me
234 1779 408 1851 estfactum,
424 1778 529 1840 allatae
543 1786 620 1840 sunt.
659 1779 730 1841 Mihi
745 1779 776 1839 in
795 1781 892 1840 animo
907 1785 952 1840 est
965 1777 1063 1858 legum
1078 1778 1217 1840 lationem
1233 1797 1282 1840 ex·
1347 1827 1350 1853 ,

171 1872 315 1945 spectare,
333 1872 375 1935 et,
391 1863 416 1923 si
430 1862 656 1933 obtrectahitur‚
668 1870 735 1925 utar
750 1865 923 1926 auctoritate
937 1870 1055 1926 senatus
1073 1870 1102 1926 et
1114 1864 1211 1944 potius
1226 1865 1283 1925 rita

173 1969 261 2030 quam
272 1951 368 2029 patria
383 1947 501 2031 carebo.
531 1948 585 2018 Tu,
602 1965 722 2028 quaeso,
738 1946 845 2034 festina
859 1949 896 2010 ad
911 1965 966 2009 nos
980 1950 1088 2010 venire.
1178 1985 1181 1994 ·

493 2109 496 2114 ·
592 2095 771 2160 Erisronn
779 2094 861 2159 XII.

572 2201 687 2259 CICERO
707 2201 832 2258 ATTICO
853 2202 880 2258 S.

255 2318 329 2380 Cum
341 2318 471 2397 primum
485 2315 610 2378 Romam
623 2316 690 2377 veni
705 2314 832 2395 fuitque,
846 2316 894 2377 cui
908 2326 990 2380 recte
1005 2316 1042 2379 ad
1057 2324 1086 2379 te
1099 2317 1213 2380 litteras
1229 2319 1279 2380 da·
1303 2327 1320 2386 1

169 2422 243 2472 rem,
258 2402 331 2461 nihil
344 2403 427 2481 prius
441 2402 606 2462 iaciendum
625 2397 698 2460 mihi
711 2401 819 2480 putavi,
836 2419 923 2481 quam
938 2410 972 2464 ut
985 2402 1039 2463 tibi
1054 2402 1168 2465 absenti
1183 2404 1220 2464 de
1234 2422 1281 2466 re-

172 2487 234 2547 ditu
253 2490 354 2545 nostro
376 2484 549 2563 gratularer.
589 2484 754 2561 cognoram
777 2487 871 2556 enim,
893 2493 927 2546 ut
945 2504 1015 2548 vere
1035 2486 1178 2557 scribam,
1202 2494 1230 2549 te
1251 2490 1282 2547 in

171 2569 299 2632 consiliis
314 2568 385 2629 mihi
399 2569 503 2630 dandis
517 2586 572 2630 nec
586 2568 740 2631 fortiorem
754 2587 810 2631 nec
825 2570 1047 2650 prudentiorem
1068 2588 1156 2649 quam
1175 2590 1223 2633 me
1237 2572 1282 2650 ip-

171 2673 246 2727 sum,
261 2672 309 2715 mc
326 2655 412 2715 etiam
427 2661 549 2731 propter
564 2670 661 2715 meam
675 2656 706 2715 in
722 2661 751 2715 te
770 2654 986 2717 observantiam
1001 2658 1126 2717 nimium
1136 2657 1169 2715 in
1183 2662 1280 2717 custo-

171 2740 218 2802 dia
232 2738 333 2801 salutis
346 2757 429 2800 meae
446 2735 630 2816 diligentem,
650 2737 837 2820 eundemque
850 2745 894 2809 te,
913 2741 964 2820 qui
977 2742 1081 2821 primis
1095 2740 1281 2821 temporibus

171 2826 283 2886 erroris
303 2824 396 2884 nostri
416 2828 466 2883 aut
484 2824 582 2900 potius
604 2822 713 2883 luroris
735 2823 883 2901 particeps
907 2829 935 2885 et
961 2822 1026 2885 ialsi
1049 2826 1164 2885 timoris
1184 2825 1280 2885 socius

168 2909 283 2979 luisses,
300 2906 489 2969 acerbissime
503 2905 656 2967 discidium
666 2913 802 2967 nostrum
817 2906 917 2969 tulisse
932 2906 1150 2987 plurimumque
1162 2926 1279 2987 operae,

169 2994 267 3062 studii,
284 2990 460 3069 diligentiae,
471 2989 581 3052 laboris
592 2992 630 3052 ad
641 2989 853 3053 conficiendum
863 2991 990 3055 reditum
1001 3010 1101 3054 meum
1112 2992 1278 3055 contulisse.

168 3078 270 3158 ltaque
284 3077 342 3137 hoc
355 3075 409 3137 tibi
430 3091 500 3136 vere
520 3076 650 3144 affirmo,
675 3076 705 3135 in
727 3076 853 3137 maxima
876 3076 982 3138 laetitia
1008 3083 1037 3138 et
1061 3079 1277 3155 exoptatissima
1300 3084 1319 3143 2

169 3162 363 3240 gratulatione
383 3177 476 3221 unum
498 3159 536 3221 ad
555 3158 764 3221 cumulandum
784 3161 921 3238 gaudium
944 3166 1135 3241 conspectum
1156 3170 1206 3223 aut
1226 3179 1280 3241 po-

171 3292 260 3344 durch
272 3292 384 3345 Atticus
401 3309 557 3359 gewonnen
573 3292 699 3343 worden.
750 3292 875 3345 erhoben
904 3294 1018 3346 werden
1048 3294 1090 3357 (ei
1112 3292 1216 3359 abin),
1246 3311 1277 3347 so

169 3386 202 3395 -
220 3358 356 3426 sperarit]
376 3359 436 3413 cic.
453 3360 531 3413 hatte
548 3359 602 3411 den
618 3358 702 3412 Brief
750 3359 847 3412 wollte
866 3377 896 3411 er
914 3362 967 3412 auf
982 3361 1036 3412 den
1053 3358 1204 3412 Besc'bluss
1229 3361 1277 3414 des

170 3423 220 3478 des
232 3426 358 3478 Bruders
367 3444 420 3478 vor
432 3427 505 3492 sich,
516 3444 547 3479 so
557 3427 622 3479 dass
631 3427 700 3478 acri-
750 3426 870 3479 Senates
883 3428 932 3479 hin
944 3426 1166 3485 zurriclrlrehren.

190 3494 321 3546 eitnieb
332 3494 409 3545 deaei.
418 3496 512 3559 uer,
524 3495 611 3547 daher
617 3494 699 3559 conj·

169 3511 248 3613 Feri.
261 3562 291 3613 S.
304 3578 329 3613 a.
342 3562 365 3613 l.
381 3564 421 3613 18.
434 3566 475 3613 33.
784 3563 872 3612 Emer
884 3562 949 3614 XII.
967 3562 1038 3627 (697.
1052 3562 1107 3626 57.)
1127 3563 1184 3615 Der
1197 3562 1280 3615 Brief

200 3632 226 3679 4.
245 3629 304 3680 Zur
320 3628 411 3681 Sacbe
427 3629 491 3697 Vgl.
509 3645 534 3679 z.
550 3628 573 3680 1.
590 3633 616 3682 3.
629 3633 653 3681 7.
666 3656 699 3664 -
750 3627 790 3679 ist
807 3628 844 3681 im
858 3629 1024 3698 September
1042 3633 1074 3682 57
1092 3630 1122 3681 in
1140 3631 1210 3683 Rom
1229 3648 1278 3697 ge-

168 3698 206 3749 ad
218 3695 255 3763 te]
270 3695 298 3747 d.
308 3695 328 3747 i.
340 3698 393 3777 aui
400 3696 482 3749 deine
494 3695 700 3777 Gdterinllpi-
749 3695 907 3749 schricben.
1188 3764 1194 3778 ·

165 3762 701 3899 {Ptte'tlltdtdtltblil
749 3765 915 3886 ..bittit
930 3764 1277 3901 :ttl⁰i.;.5.lltt⁷²lldt

199 3901 297 3950 Emer.
310 3900 358 3949 XI.
378 3900 448 3964 (637.
461 3899 516 3963 57.)
535 3898 593 3950 Der
611 3898 699 3951 Senat
750 3900 808 3953 auf.
823 3929 854 3937 -
867 3898 946 3967 aare]
964 3899 1168 3967 ‚,oufra'chtip.“
1187 3928 1219 3970 .-
1237 3916 1277 3951 me

166 3965 245 4020 hatte
257 3965 343 4018 echon
357 3965 402 4017 die
414 3966 638 4033 Rrickberuiung
651 3966 698 4018 Οἱ·
748 3969 832 4019 etiam
849 3966 913 4035 eto]
933 3968 976 4020 too
989 3968 1061 4019 auch
1073 3984 1127 4019 aue
1138 3966 1276 4031 Nocbpie-

168 4050 248 4087 ceros
264 4031 460 4099 beschloaeen,
478 4036 547 4086 aber
563 4051 593 4086 es
610 4033 698 4086 fehlte
748 4036 849 4101 bipket‘t
859 4052 944 4101 peperi
955 4034 1028 4087 Dico
1045 4036 1122 4087 allzu
1139 4034 1276 4099 dnpetttco

168 4102 239 4153 noch
256 4100 301 4153 die
319 4100 506 4168 Bestitigung
523 4101 571 4153 des
584 4100 699 4156 Volkes.
746 4102 797 4168 sair
819 4104 892 4154 mein
912 4104 996 4155 wool
1018 4118 1148 4169 peweeen.
1171 4128 1205 4137 —
1227 4100 1276 4152 Me

169 4167 246 4222 disse
264 4170 328 4235 (lep.
341 4168 407 4233 lat.)
423 4167 520 4221 wollte
533 4168 633 4221 Cicero
646 4168 697 4220 ab·
747 4170 832 4221 etiarn
854 4169 965 4222 aehrieb
989 4170 1131 4222 Hoimann
1153 4166 1200 4219 fir
1227 4184 1276 4217 nec

169 4245 293 4299 warten3
318 4235 401 4289 sollte
415 4235 518 4304 jedoch
535 4234 698 4305 Eiuspruch
748 4238 845 4303 ctiam,
859 4254 918 4291 was
932 4236 978 4291 die
990 4234 1212 4291 Handschriften
1224 4232 1274 4283 ha-
