3000 4650
530 267 557 325 G.
572 265 695 326 otarius
710 266 869 324 elevant.
1194 262 1256 329 179

137 438 246 516 pitata,
263 445 441 498 commutem
458 450 492 496 ao
506 451 555 496 me
568 433 632 512 ipse
649 432 800 506 retexam?
825 431 892 503 Non
909 430 1031 503 faciam,
1046 449 1158 513 neque,
1169 433 1255 515 'quod

139 519 308 600 displiceat,
334 519 530 588 committam,
556 523 765 599 praeterquam
790 515 870 596 quod
889 515 1016 578 hominis
1036 517 1110 578 mihi
1131 519 1255 580 coniun-

140 605 262 667 ctissimi
283 622 318 665 ac
338 604 394 665 viri
414 601 589 682 amplissimi
609 600 694 662 doleo
707 617 827 680 gravem
845 618 955 662 casum.
985 599 1096 673 Quodsi
1110 601 1193 664 aliter
1209 620 1254 664 es·
1474 656 1475 669 .

139 707 203 752 sem
218 689 376 757 animatus,
401 704 568 767 nunquam,
596 684 674 764 quod
694 683 824 748 iacerem
848 701 1005 762 negarem,
1027 703 1066 748 ne
1086 693 1117 747 ot
1137 687 1169 747 in
1183 703 1254 766 pec·
1473 680 1475 756 l

139 774 234 838 cando
269 770 424 853 improbus
465 779 495 833 et
539 772 569 831 in
603 767 814 831 dissimulando
849 770 969 833 timidus
1007 787 1041 831 ao
1069 787 1162 832 vanus
1196 773 1256 833 exi·

138 861 286 920 stimarer.
316 858 352 918 ht
380 853 481 925 ludos,
510 872 585 935 quos
617 853 750 915 Caesaris
773 854 912 916 victoriae
938 852 1045 916 Caesar
1081 853 1295 925 adolescens6

136 943 224 1011 fecit,
246 943 355 1004 curavi.
398 942 435 1002 ht
469 938 498 1001 id
533 939 571 1003 ad
604 939 752 1018 privatum
772 937 916 1008 oliioium,
943 955 1004 998 non
1027 938 1063 999 ad
1082 946 1190 1001 statum
1207 941 1253 1002 rei

137 1025 280 1108 publicae
305 1025 441 1105 pertinet.
486 1022 571 1097 Quod
605 1029 706 1084 tamen·
735 1039 842 1084 munus
871 1028 901 1083 et
927 1023 1056 1084 hominis
1084 1023 1253 1085 amicissimi

136 1111 297 1173 memoriae
335 1115 422 1190 atque
451 1104 615 1168 honoribus
644 1113 797 1185 praestare
822 1106 909 1168 etiam
936 1107 1046 1169 mortui
1071 1105 1180 1178 debui,
1223 1114 1253 1170 et

137 1196 268 1273 optimae
293 1194 358 1274 spei
382 1190 561 1254 adolescenti
590 1209 626 1252 ac
646 1190 816 1270 dignissimo
846 1190 972 1252 Caesare
996 1192 1110 1270 petenti
1138 1209 1251 1271 negare

136 1296 199 1340 non
221 1279 313 1357 potui.
351 1275 425 1339 Veni
447 1277 534 1338 etiam
553 1273 681 1336 consulis
704 1275 822 1336 Antonii
843 1274 964 1337 domum
995 1291 1084 1354 saepe
1112 1275 1256 1340 salutandi
1277 1282 1298 1343 7

137 1379 239 1431 causa;
256 1362 293 1423 ad
317 1379 415 1442 quem,
432 1361 481 1440 qui
500 1378 548 1421 me
565 1376 671 1438 parum
692 1361 805 1437 patriae
827 1367 974 1422 amantem
995 1377 1060 1422 esse
1076 1360 1252 1431 existimant,

135 1446 261 1524 rogandi
285 1446 404 1525 quidem
430 1443 538 1525 aliquid
564 1451 614 1505 aut
638 1443 792 1505 auferendi
809 1461 897 1505 causa
922 1444 1092 1525 frequentes
1111 1447 1254 1508 ventitare

135 1532 280 1610 reperies.
320 1530 379 1593 Sed
406 1547 481 1608 quae
501 1527 575 1592 haee
596 1533 640 1589 est
665 1528 847 1606 arrogantia,
873 1527 952 1607 quod
973 1528 1252 1611 Caesarnunquam

135 1613 344 1694 interpellavit,
368 1615 454 1694 quin,
478 1612 585 1692 quihus
599 1609 722 1682 vellem,
739 1617 827 1690 atque
843 1613 929 1673 etiam
945 1628 1020 1691 quos
1033 1615 1098 1691 ipse
1111 1631 1171 1674 non
1187 1613 1252 1674 dili·

136 1699 240 1778 gebat,
269 1691 366 1760 tamen
387 1699 422 1760 iis
442 1703 558 1768 uterer,
587 1713 652 1766 eos,
679 1695 730 1775 qui
743 1694 816 1757 mihi
829 1697 957 1758 amioum
970 1697 1157 1776 eripuerunt,
1186 1715 1251 1759 oar-

133 1783 234 1863 pendo
251 1801 299 1844 me
320 1782 439 1846 efficere
459 1781 575 1851 conari,
595 1798 647 1851 ne,
671 1796 745 1860 quos
759 1779 861 1851 velim,
884 1773 1021 1858 diligam?
1053 1780 1110 1842 Sed
1126 1798 1186 1842 non
1202 1800 1251 1843 ve·
1273 1783 1293 1848 8

135 1886 223 1938 reor,
248 1885 285 1929 ne
309 1874 358 1930 aut
379 1884 464 1928 meae
484 1867 560 1927 vitae
582 1863 725 1925 modestia
740 1882 845 1944 parum
861 1864 983 1926 valitura
1000 1866 1082 1926 sitin
1097 1873 1251 1947 posterum

134 1960 238 2014 contra
255 1951 342 2014 falsos
357 1967 509 2022 rumores,
531 1955 581 2013 aut
596 1966 634 2010 ne
650 1949 737 2011 etiam
752 1950 788 2018 ii,
811 1949 861 2027 qui
874 1967 924 2011 me
940 1967 1001 2010 non
1016 1956 1114 2012 amant
1127 1958 1252 2031 propter

132 2054 230 2098 meam
244 2036 275 2097 in
291 2034 446 2098 Caesarem
463 2035 670 2103 constantiam,
692 2050 754 2094 non
776 2032 879 2105 malint
898 2035 956 2094 mei
977 2051 1065 2112 quam
1080 2036 1127 2096 sui
1141 2035 1252 2096 similes

133 2123 244 2184 amicos
258 2118 382 2182 hahere.
415 2118 487 2179 Mihi
502 2117 620 2199 quidem
636 2118 660 2176 si
675 2125 774 2198 optata
789 2118 974 2197 contingent,
999 2119 1078 2200 quod
1102 2117 1250 2199 reliquum

133 2213 179 2266 est
198 2207 292 2272 vitae,
312 2204 343 2264 in
365 2205 425 2263 otio
439 2201 537 2262 Rhodi
559 2201 681 2280 degam;
701 2203 745 2263 sin
762 2218 849 2263 casus
863 2201 970 2282 aliquis
983 2201 1194 2281 interpellarit,
1210 2205 1250 2264 ita

134 2305 187 2349 ero
201 2286 329 2356 Romae,
347 2293 379 2349 ut
394 2293 475 2348 recte
487 2285 552 2347 fieri
569 2291 687 2365 semper
704 2287 831 2366 cupiam.
854 2285 994 2349 Trebatio
1009 2295 1112 2351 nostro
1128 2305 1251 2367 magnas

134 2389 190 2451 ago
206 2372 329 2448 gratias,
344 2370 425 2451 quod
439 2378 524 2433 tuum
540 2388 609 2449 erga
629 2388 677 2433 me
693 2371 823 2433 animum
840 2370 1005 2452 simplicem
1022 2380 1109 2455 atque
1121 2374 1260 2451 amioum,

134 2621 231 2674 seinerr
242 2620 415 2690 Hdhepunkt
424 2620 548 2675 erreicht
559 2621 620 2687 het,
635 2638 666 2673 ao
718 2618 854 2673 condrino
862 2620 1094 2675 verbinden.Das
1107 2623 1161 2676 den
1174 2623 1250 2676 zwi-

133 2689 235 2757 gehtes
247 2687 354 2742 wieder
365 2688 490 2742 abwdrts
501 2689 562 2741 dem
569 2690 667 2741 Grobe
705 2688 866 2741 sehensatz
884 2689 1056 2743 einleitende
1076 2693 1152 2758 pund
1174 2692 1250 2745 forst

132 2774 175 2810 zu.
189 2756 480 2810 oviduristuaat.
492 2756 668 2824 lompuemo-
718 2772 781 2808 man
794 2756 837 2809 als
846 2756 1038 2823 coniunctiori
1049 2756 1080 2810 in
1089 2760 1151 2811 dem
1160 2759 1249 2813 Sinne

137 2842 185 2876 rae
202 2825 326 2891 spatium
341 2841 398 2877 nox
414 2824 603 2893 praecipitata
618 2840 667 2877 are-
699 2887 702 2895 ,
718 2840 776 2876 von
788 2822 829 2875 ‘in
840 2823 973 2876 Hiericht
985 2826 1096 2890 darauf
1103 2825 1187 2893 dose',
1201 2827 1249 2880 ‘im

132 2893 227 2958 gadal.
247 2920 279 2931 —
297 2908 398 2973 nequo,
423 2892 497 2958 quod
521 2890 668 2959 displiceat
721 2890 860 2956 Vergleioh
873 2892 948 2943 dazu
965 2892 1054 2953 dars'3
1070 2910 1153 2946 wenti
1169 2892 1249 2947 nicht
1274 2945 1276 2954 ,

133 2958 204 3079 etcp
230 2957 289 3012 Der
313 2958 385 3011 Stnn
408 2958 465 3039 ista
495 2958 544 3011 Ich
568 2956 664 3011 werde
717 2957 827 3011 Matius
844 2956 980 3011 vielmehr
1001 2958 1137 3040 des-vom
1158 2960 1247 3042 Sirone

130 3027 186 3081 Nic
206 3026 662 3107 taihun,wasmmsfallenkann,
714 3024 864 3106 verlangte
886 3042 956 3107 ‘oum
984 3060 991 3075 .
1022 3065 1029 3077 .
1058 3030 1249 3096 anterpellunt

131 3092 662 3215 ttttttttttte‘ltfttllethi
712 3092 850 3239 ttll‘h.
884 3092 1248 3217 'tiltttllthttt'ttt

132 3228 492 3295 andersgesonnenwdre‚
507 3227 660 3283 d.i.wenn
713 3244 794 3295 quom
818 3228 865 3280 fur
889 3245 950 3280 rum
978 3227 1065 3281 leicht
1094 3229 1246 3298 erhldren.)

131 3293 176 3346 ich
192 3310 222 3347 es
239 3295 292 3346 mit
308 3296 362 3347 den
373 3295 501 3348 Feirrden
516 3294 566 3348 der
578 3295 660 3349 Frei·
714 3295 813 3348 Selbst
836 3293 938 3347 Cicero
955 3295 1065 3348 rdhmte
1083 3312 1096 3348 s
1118 3297 1181 3350 dier
1197 3315 1247 3365 ge-

131 3360 190 3415 heit
205 3359 305 3426 hieto,
323 3360 421 3415 wdrde
437 3362 484 3414 ich
500 3379 527 3415 u.
542 3379 564 3415 s.
577 3380 612 3415 ιι.
626 3389 661 3403 -
714 3362 841 3431 gendber
859 3362 911 3415 der
926 3361 1075 3429 Tyrannei
1092 3314 1142 3416 Xer
1155 3365 1245 3417 Anto-

130 3429 311 3550 ipehppcppndo
320 3426 570 3550 {mprplhtucptgvuer
582 3430 661 3550 coppe
713 3428 1015 3550 ἓέηεῄίιίἰῖᾱιειῖὶὲἔιὲὲῖ
1025 3429 1104 3483 Rede
1117 3432 1245 3551 ἱδιιοίιο,

132 3513 211 3617 nicht.
228 3512 345 3564 amb
374 3514 388 3548 e
443 3513 467 3548 m
526 3513 589 3549 om
648 3528 660 3539 ·
711 3515 846 3617 incoinem
858 3563 955 3617 Briefe
969 3515 1245 3623 ιιι(ιῗιιΐίιοιιιι.ᾳΧθΙεΙῗΙ8

164 3634 188 3683 l.
205 3630 272 3682 Veni
284 3630 442 3684 ..Antonii
455 3628 577 3697 domurn]
591 3631 659 3685 Man
712 3634 755 3684 17.
771 3634 796 3684 6.
825 3630 886 3697 Ego
904 3639 996 3685 autem
1011 3660 1045 3669 -
1064 3634 1162 3685 credar
1176 3635 1246 3687 mitt

131 3697 237 3752 tadelte
250 3698 328 3751 diese
341 3696 599 3751 Aufmerksamkeit
610 3715 660 3767 ge·
711 3698 793 3750 uelim
805 3727 837 3738 —
853 3699 960 3751 minore
974 3699 1100 3767 pertento
1117 3700 1244 3755 eriotim

131 3784 183 3833 gen
200 3765 254 3817 den
272 3765 362 3818 lleind
378 3765 429 3819 der
441 3764 582 3831 Freiheit,
601 3766 659 3819 und
710 3772 809 3819 contro
832 3766 899 3818 illas
922 3767 1051 3833 nefariae
1072 3776 1169 3835 partes
1180 3770 1244 3823 oioo

131 3836 174 3887 die
195 3831 302 3885 Tedler
326 3832 415 3885 selbot
438 3832 573 3887 scheuteu
598 3832 658 3886 sich
709 3834 1116 3904 tyrannodicr'potuo‘ooequam
1124 3844 1242 3891 mortuo.

130 3900 205 3954 nicht
237 3899 431 3968 hiuzugehen,
473 3916 516 3953 um
557 3900 658 3954 Etwas
708 3901 761 3953 Ille
778 3901 850 3953 enim
865 3902 958 3953 nescio
974 3919 1028 3983 quo
1043 3906 1244 3970 paetoseredut

131 3967 351 4035 (Ehrenstelleu)
360 3983 395 4020 zu
405 3967 556 4021 erhaschen
566 3969 659 4035 (uuse-
708 3986 750 4021 me
762 3968 872 4035 quidem
882 3969 1050 4022 mirabiliter
1064 4008 1071 4023 .
1085 4007 1113 4025 ..

131 4036 206 4089 rendi
216 4035 327 4101 cauea).
334 4064 365 4073 —
373 4036 420 4088 aed
429 4052 500 4102 puae
509 4036 576 4088 haec
585 4052 605 4087 e.
615 4034 656 4105 a.]
742 4038 768 4090 8.
787 4036 833 4088 oui
842 4034 957 4103 similer]
969 4036 1017 4090 sie
1026 4054 1122 4091 waren
1132 4038 1243 4092 Frenm

131 4105 198 4156 Aler-
221 4104 387 4171 (uhgeeelten
412 4103 515 4168 dauon)
538 4120 595 4156 war
619 4103 658 4155 ist
709 4103 743 4156 de
768 4103 890 4156 Caesare
917 4120 1048 4172 gewesen
1078 4106 1135 4158 und
1164 4107 1243 4160 scine

132 4172 221 4223 dua..
237 4171 312 4225 ,mit
324 4178 365 4223 est
377 4171 543 4237 arrogantia
555 4170 594 4223 ist
607 4171 657 4223 der
708 4169 826 4224 Mdrder
856 4172 1018 4239 geworden.
1041 4200 1073 4210 —
1096 4174 1121 4225 ιι·
1144 4181 1241 4242 optata

131 4236 336 4305 folgendellcc.
350 4239 659 4303 o.Inf.eor..effieere
709 4236 891 4306 contingent]
919 4240 1012 4293 ‘menn
1040 4258 1069 4293 eo
1091 4241 1145 4293 mir
1167 4242 1240 4293 nach

976 4328 1040 4392 12*
