<?xml version="1.0" encoding="UTF-8"?>
<!DOCTYPE html PUBLIC "-//W3C//DTD XHTML 1.0 Transitional//EN"
    "http://www.w3.org/TR/xhtml1/DTD/xhtml1-transitional.dtd">
<html xmlns="http://www.w3.org/1999/xhtml" xml:lang="en" lang="en">
 <head>
  <title>
</title>
<meta http-equiv="Content-Type" content="text/html;charset=utf-8" />
  <meta name='ocr-system' content='tesseract 3.04.00' />
  <meta name='ocr-capabilities' content='ocr_page ocr_carea ocr_par ocr_line ocrx_word'/>
</head>
<body>
  <div class='ocr_page' id='page_1' title='image "ausgewhltebrief00freygoog_0185.png"; bbox 0 0 3000 4650; ppageno 0'>
   <div class='ocr_carea' id='block_1_1' title="bbox 495 289 1278 354">
    <p class='ocr_par' dir='ltr' id='par_1_1' title="bbox 495 289 1278 354">
     <span class='ocr_line' id='line_1_1' title="bbox 495 289 1278 354; baseline 0.001 -2"><span class='ocrx_word' id='word_1_1' title='bbox 495 295 629 354; x_wconf 82' lang='lat' dir='ltr'>SERVIUS</span> <span class='ocrx_word' id='word_1_2' title='bbox 647 294 813 352; x_wconf 86' lang='lat' dir='ltr'>SULPICIUS</span> <span class='ocrx_word' id='word_1_3' title='bbox 828 293 942 352; x_wconf 78' lang='lat' dir='ltr'>RUFUS.</span> <span class='ocrx_word' id='word_1_4' title='bbox 1219 289 1278 353; x_wconf 78' lang='grc'><strong>171</strong></span> 
     </span>
    </p>
   </div>
   <div class='ocr_carea' id='block_1_2' title="bbox 551 539 893 606">
    <p class='ocr_par' dir='ltr' id='par_1_2' title="bbox 551 539 893 606">
     <span class='ocr_line' id='line_1_2' title="bbox 551 539 893 606; baseline -0.006 0"><span class='ocrx_word' id='word_1_5' title='bbox 551 541 731 606; x_wconf 73' lang='lat' dir='ltr'><strong>Eersronn</strong></span> <span class='ocrx_word' id='word_1_6' title='bbox 745 539 893 606; x_wconf 84' lang='lat' dir='ltr'>XXXV.</span> 
     </span>
    </p>
   </div>
   <div class='ocr_carea' id='block_1_3' title="bbox 579 679 870 738">
    <p class='ocr_par' dir='ltr' id='par_1_3' title="bbox 579 679 870 738">
     <span class='ocr_line' id='line_1_3' title="bbox 579 679 870 738; baseline 0 0"><span class='ocrx_word' id='word_1_7' title='bbox 579 679 695 738; x_wconf 81' lang='lat' dir='ltr'>CICERO</span> <span class='ocrx_word' id='word_1_8' title='bbox 709 681 827 738; x_wconf 87' lang='lat' dir='ltr'>SERVIO</span> <span class='ocrx_word' id='word_1_9' title='bbox 843 680 870 738; x_wconf 93' lang='lat' dir='ltr'><strong>S.</strong></span> 
     </span>
    </p>
   </div>
   <div class='ocr_carea' id='block_1_4' title="bbox 163 795 1322 2715">
    <p class='ocr_par' dir='ltr' id='par_1_4' title="bbox 163 795 1322 2715">
     <span class='ocr_line' id='line_1_4' title="bbox 250 795 1322 878; baseline -0.004 -17"><span class='ocrx_word' id='word_1_10' title='bbox 250 799 322 861; x_wconf 92' lang='lat' dir='ltr'><strong>Cum</strong></span> <span class='ocrx_word' id='word_1_11' title='bbox 338 807 423 862; x_wconf 87' lang='lat' dir='ltr'><strong>antea</strong></span> <span class='ocrx_word' id='word_1_12' title='bbox 439 795 591 878; x_wconf 81' lang='lat' dir='ltr'><strong>capiebam</strong></span> <span class='ocrx_word' id='word_1_13' title='bbox 606 815 642 856; x_wconf 83' lang='lat' dir='ltr'><strong>ex</strong></span> <span class='ocrx_word' id='word_1_14' title='bbox 657 796 756 857; x_wconf 85' lang='lat' dir='ltr'><strong>officio</strong></span> <span class='ocrx_word' id='word_1_15' title='bbox 769 813 838 856; x_wconf 90' lang='lat' dir='ltr'><strong>meo</strong></span> <span class='ocrx_word' id='word_1_16' title='bbox 853 795 1048 876; x_wconf 89' lang='lat' dir='ltr'><strong>voluptatem,</strong></span> <span class='ocrx_word' id='word_1_17' title='bbox 1071 796 1151 875; x_wconf 92' lang='lat' dir='ltr'><strong>quod</strong></span> <span class='ocrx_word' id='word_1_18' title='bbox 1175 798 1279 858; x_wconf 89' lang='lat' dir='ltr'><strong>memi-</strong></span> <span class='ocrx_word' id='word_1_19' title='bbox 1303 804 1322 864; x_wconf 91' lang='lat'>1</span> 
     </span>
     <span class='ocr_line' id='line_1_5' title="bbox 164 880 1280 963; baseline -0.001 -20"><span class='ocrx_word' id='word_1_20' title='bbox 164 899 287 954; x_wconf 83' lang='lat' dir='ltr'><strong>nerem,</strong></span> <span class='ocrx_word' id='word_1_21' title='bbox 321 902 408 963; x_wconf 92' lang='lat' dir='ltr'><strong>quam</strong></span> <span class='ocrx_word' id='word_1_22' title='bbox 428 883 482 944; x_wconf 91' lang='lat' dir='ltr'><strong>tibi</strong></span> <span class='ocrx_word' id='word_1_23' title='bbox 512 880 667 958; x_wconf 79' lang='lat' dir='ltr'>diligenter</span> <span class='ocrx_word' id='word_1_24' title='bbox 691 880 853 960; x_wconf 78' lang='lat' dir='ltr'><strong>Lysonem,</strong></span> <span class='ocrx_word' id='word_1_25' title='bbox 884 880 1032 960; x_wconf 84' lang='lat' dir='ltr'><strong>hospitem</strong></span> <span class='ocrx_word' id='word_1_26' title='bbox 1055 890 1084 942; x_wconf 91' lang='lat' dir='ltr'><strong>et</strong></span> <span class='ocrx_word' id='word_1_27' title='bbox 1106 880 1280 942; x_wconf 81' lang='lat' dir='ltr'><strong>familiarem</strong></span> 
     </span>
     <span class='ocr_line' id='line_1_6' title="bbox 163 965 1282 1042; baseline -0.002 -14"><span class='ocrx_word' id='word_1_28' title='bbox 163 985 279 1038; x_wconf 90' lang='lat' dir='ltr'><strong>menm,</strong></span> <span class='ocrx_word' id='word_1_29' title='bbox 306 967 574 1031; x_wconf 82' lang='lat' dir='ltr'><strong>commendassem:</strong></span> <span class='ocrx_word' id='word_1_30' title='bbox 605 974 668 1025; x_wconf 89' lang='lat' dir='ltr'><strong>tum</strong></span> <span class='ocrx_word' id='word_1_31' title='bbox 689 982 774 1033; x_wconf 77' lang='lat' dir='ltr'><strong>vero,</strong></span> <span class='ocrx_word' id='word_1_32' title='bbox 803 970 995 1042; x_wconf 84' lang='lat' dir='ltr'><strong>posteaquam</strong></span> <span class='ocrx_word' id='word_1_33' title='bbox 1016 983 1053 1026; x_wconf 85' lang='lat' dir='ltr'><strong>ex</strong></span> <span class='ocrx_word' id='word_1_34' title='bbox 1082 965 1195 1026; x_wconf 88' lang='lat' dir='ltr'><strong>litteris.</strong></span> <span class='ocrx_word' id='word_1_35' title='bbox 1218 967 1282 1027; x_wconf 89' lang='lat' dir='ltr'><strong>cius</strong></span> 
     </span>
     <span class='ocr_line' id='line_1_7' title="bbox 165 1048 1281 1130; baseline -0.001 -18"><span class='ocrx_word' id='word_1_36' title='bbox 165 1054 289 1130; x_wconf 84' lang='lat' dir='ltr'><strong>cognovi</strong></span> <span class='ocrx_word' id='word_1_37' title='bbox 302 1052 356 1113; x_wconf 89' lang='lat' dir='ltr'><strong>tibi</strong></span> <span class='ocrx_word' id='word_1_38' title='bbox 371 1071 439 1114; x_wconf 91' lang='lat' dir='ltr'><strong>eum</strong></span> <span class='ocrx_word' id='word_1_39' title='bbox 454 1049 528 1113; x_wconf 88' lang='lat' dir='ltr'><strong>falso</strong></span> <span class='ocrx_word' id='word_1_40' title='bbox 553 1054 722 1127; x_wconf 89' lang='lat' dir='ltr'><strong>suspectum</strong></span> <span class='ocrx_word' id='word_1_41' title='bbox 743 1048 849 1118; x_wconf 83' lang='lat' dir='ltr'><strong>fuisse,</strong></span> <span class='ocrx_word' id='word_1_42' title='bbox 881 1048 1137 1111; x_wconf 84' lang='lat' dir='ltr'><strong>vehementissime</strong></span> <span class='ocrx_word' id='word_1_43' title='bbox 1156 1049 1281 1112; x_wconf 87' lang='lat' dir='ltr'><strong>laetatus</strong></span> 
     </span>
     <span class='ocr_line' id='line_1_8' title="bbox 164 1132 1280 1215; baseline -0.001 -19"><span class='ocrx_word' id='word_1_44' title='bbox 164 1153 232 1196; x_wconf 92' lang='lat' dir='ltr'><strong>sum</strong></span> <span class='ocrx_word' id='word_1_45' title='bbox 246 1155 295 1197; x_wconf 89' lang='lat' dir='ltr'><strong>me</strong></span> <span class='ocrx_word' id='word_1_46' title='bbox 310 1144 369 1197; x_wconf 92' lang='lat' dir='ltr'><strong>tam</strong></span> <span class='ocrx_word' id='word_1_47' title='bbox 384 1133 554 1215; x_wconf 81' lang='lat' dir='ltr'><strong>diligentem</strong></span> <span class='ocrx_word' id='word_1_48' title='bbox 568 1135 599 1193; x_wconf 89' lang='lat' dir='ltr'><strong>in</strong></span> <span class='ocrx_word' id='word_1_49' title='bbox 615 1151 649 1193; x_wconf 91' lang='lat' dir='ltr'><strong>ec</strong></span> <span class='ocrx_word' id='word_1_50' title='bbox 666 1132 902 1195; x_wconf 88' lang='lat' dir='ltr'><strong>commendando</strong></span> <span class='ocrx_word' id='word_1_51' title='bbox 916 1132 1017 1196; x_wconf 85' lang='lat' dir='ltr'><strong>fnisse.</strong></span> <span class='ocrx_word' id='word_1_52' title='bbox 1041 1133 1085 1195; x_wconf 90' lang='lat' dir='ltr'><strong>Ita</strong></span> <span class='ocrx_word' id='word_1_53' title='bbox 1103 1135 1181 1195; x_wconf 90' lang='lat' dir='ltr'><strong>enim</strong></span> <span class='ocrx_word' id='word_1_54' title='bbox 1205 1135 1280 1196; x_wconf 88' lang='lat' dir='ltr'><strong>scri·</strong></span> 
     </span>
     <span class='ocr_line' id='line_1_9' title="bbox 165 1216 1279 1298; baseline 0.002 -20"><span class='ocrx_word' id='word_1_55' title='bbox 165 1222 224 1298; x_wconf 88' lang='lat' dir='ltr'><strong>psit</strong></span> <span class='ocrx_word' id='word_1_56' title='bbox 239 1220 276 1280; x_wconf 92' lang='lat' dir='ltr'><strong>ad</strong></span> <span class='ocrx_word' id='word_1_57' title='bbox 293 1240 350 1290; x_wconf 91' lang='lat' dir='ltr'><strong>me,</strong></span> <span class='ocrx_word' id='word_1_58' title='bbox 365 1220 422 1282; x_wconf 92' lang='lat' dir='ltr'><strong>sibi</strong></span> <span class='ocrx_word' id='word_1_59' title='bbox 438 1238 535 1282; x_wconf 90' lang='lat' dir='ltr'><strong>meam</strong></span> <span class='ocrx_word' id='word_1_60' title='bbox 550 1216 836 1280; x_wconf 89' lang='lat' dir='ltr'><strong>commendationem</strong></span> <span class='ocrx_word' id='word_1_61' title='bbox 851 1219 979 1279; x_wconf 78' lang='lat' dir='ltr'><strong>maxImo</strong></span> <span class='ocrx_word' id='word_1_62' title='bbox 994 1218 1162 1280; x_wconf 90' lang='lat' dir='ltr'><strong>adiumento</strong></span> <span class='ocrx_word' id='word_1_63' title='bbox 1179 1218 1279 1288; x_wconf 87' lang='lat' dir='ltr'><strong>fnisse,</strong></span> 
     </span>
     <span class='ocr_line' id='line_1_10' title="bbox 165 1301 1281 1382; baseline 0 -18"><span class='ocrx_word' id='word_1_64' title='bbox 165 1305 246 1382; x_wconf 93' lang='lat' dir='ltr'><strong>quod</strong></span> <span class='ocrx_word' id='word_1_65' title='bbox 267 1306 304 1366; x_wconf 91' lang='lat' dir='ltr'><strong>ad</strong></span> <span class='ocrx_word' id='word_1_66' title='bbox 322 1315 352 1367; x_wconf 89' lang='lat' dir='ltr'><strong>te</strong></span> <span class='ocrx_word' id='word_1_67' title='bbox 367 1305 495 1366; x_wconf 89' lang='lat' dir='ltr'><strong>delatum</strong></span> <span class='ocrx_word' id='word_1_68' title='bbox 511 1304 623 1364; x_wconf 88' lang='lat' dir='ltr'><strong>diceret</strong></span> <span class='ocrx_word' id='word_1_69' title='bbox 636 1319 701 1364; x_wconf 89' lang='lat' dir='ltr'><strong>sese</strong></span> <span class='ocrx_word' id='word_1_70' title='bbox 719 1309 823 1363; x_wconf 89' lang='lat' dir='ltr'><strong>contra</strong></span> <span class='ocrx_word' id='word_1_71' title='bbox 839 1301 1012 1381; x_wconf 88' lang='lat' dir='ltr'><strong>dignitatem</strong></span> <span class='ocrx_word' id='word_1_72' title='bbox 1028 1309 1107 1363; x_wconf 92' lang='lat' dir='ltr'><strong>tuam</strong></span> <span class='ocrx_word' id='word_1_73' title='bbox 1120 1302 1231 1364; x_wconf 87' lang='lat' dir='ltr'><strong>Romae</strong></span> <span class='ocrx_word' id='word_1_74' title='bbox 1244 1303 1281 1364; x_wconf 90' lang='lat' dir='ltr'><strong>de</strong></span> 
     </span>
     <span class='ocr_line' id='line_1_11' title="bbox 166 1385 1320 1466; baseline 0 -18"><span class='ocrx_word' id='word_1_75' title='bbox 166 1395 195 1449; x_wconf 87' lang='lat' dir='ltr'><strong>te</strong></span> <span class='ocrx_word' id='word_1_76' title='bbox 210 1388 291 1466; x_wconf 91' lang='lat' dir='ltr'><strong>loqui</strong></span> <span class='ocrx_word' id='word_1_77' title='bbox 305 1389 424 1452; x_wconf 89' lang='lat' dir='ltr'><strong>solitum</strong></span> <span class='ocrx_word' id='word_1_78' title='bbox 438 1406 510 1451; x_wconf 90' lang='lat' dir='ltr'><strong>esse.</strong></span> <span class='ocrx_word' id='word_1_79' title='bbox 554 1388 597 1450; x_wconf 88' lang='lat' dir='ltr'><strong>Ue</strong></span> <span class='ocrx_word' id='word_1_80' title='bbox 611 1405 670 1466; x_wconf 91' lang='lat' dir='ltr'><strong>qno</strong></span> <span class='ocrx_word' id='word_1_81' title='bbox 686 1387 741 1448; x_wconf 89' lang='lat' dir='ltr'><strong>etsi</strong></span> <span class='ocrx_word' id='word_1_82' title='bbox 755 1403 811 1466; x_wconf 89' lang='lat' dir='ltr'><strong>pro</strong></span> <span class='ocrx_word' id='word_1_83' title='bbox 825 1393 876 1447; x_wconf 90' lang='lat' dir='ltr'><strong>tua</strong></span> <span class='ocrx_word' id='word_1_84' title='bbox 891 1385 1028 1448; x_wconf 82' lang='lat' dir='ltr'><strong>facilitate</strong></span> <span class='ocrx_word' id='word_1_85' title='bbox 1050 1394 1081 1447; x_wconf 90' lang='lat' dir='ltr'><strong>et</strong></span> <span class='ocrx_word' id='word_1_86' title='bbox 1099 1387 1279 1448; x_wconf 86' lang='lat' dir='ltr'><strong>humanitate</strong></span> <span class='ocrx_word' id='word_1_87' title='bbox 1300 1393 1320 1455; x_wconf 83' lang='lat'><strong>2</strong></span> 
     </span>
     <span class='ocr_line' id='line_1_12' title="bbox 166 1471 1279 1551; baseline 0 -19"><span class='ocrx_word' id='word_1_88' title='bbox 166 1481 326 1551; x_wconf 87' lang='lat' dir='ltr'><strong>purgatum</strong></span> <span class='ocrx_word' id='word_1_89' title='bbox 341 1492 379 1535; x_wconf 88' lang='lat' dir='ltr'><strong>se.</strong></span> <span class='ocrx_word' id='word_1_90' title='bbox 389 1473 442 1535; x_wconf 86' lang='lat' dir='ltr'><strong>tihi</strong></span> <span class='ocrx_word' id='word_1_91' title='bbox 457 1471 560 1535; x_wconf 85' lang='lat' dir='ltr'><strong>scribit</strong></span> <span class='ocrx_word' id='word_1_92' title='bbox 574 1489 655 1541; x_wconf 87' lang='lat' dir='ltr'><strong>esse,</strong></span> <span class='ocrx_word' id='word_1_93' title='bbox 678 1478 777 1532; x_wconf 88' lang='lat' dir='ltr'><strong>tamen</strong></span> <span class='ocrx_word' id='word_1_94' title='bbox 796 1472 942 1547; x_wconf 90' lang='lat' dir='ltr'><strong>primum,</strong></span> <span class='ocrx_word' id='word_1_95' title='bbox 966 1478 999 1532; x_wconf 92' lang='lat' dir='ltr'><strong>nt</strong></span> <span class='ocrx_word' id='word_1_96' title='bbox 1013 1471 1123 1542; x_wconf 89' lang='lat' dir='ltr'><strong>debeo,</strong></span> <span class='ocrx_word' id='word_1_97' title='bbox 1145 1471 1200 1532; x_wconf 87' lang='lat' dir='ltr'><strong>tibi</strong></span> <span class='ocrx_word' id='word_1_98' title='bbox 1216 1488 1279 1532; x_wconf 92' lang='lat' dir='ltr'><strong>ma·</strong></span> 
     </span>
     <span class='ocr_line' id='line_1_13' title="bbox 167 1554 1280 1637; baseline 0.001 -20"><span class='ocrx_word' id='word_1_99' title='bbox 167 1558 260 1618; x_wconf 84' lang='lat' dir='ltr'><strong>xlmas</strong></span> <span class='ocrx_word' id='word_1_100' title='bbox 276 1560 384 1636; x_wconf 82' lang='lat' dir='ltr'><strong>gratias</strong></span> <span class='ocrx_word' id='word_1_101' title='bbox 399 1576 470 1637; x_wconf 85' lang='lat' dir='ltr'><strong>ago,</strong></span> <span class='ocrx_word' id='word_1_102' title='bbox 495 1575 563 1618; x_wconf 88' lang='lat' dir='ltr'><strong>curn</strong></span> <span class='ocrx_word' id='word_1_103' title='bbox 578 1563 691 1617; x_wconf 88' lang='lat' dir='ltr'><strong>tantum</strong></span> <span class='ocrx_word' id='word_1_104' title='bbox 705 1554 820 1616; x_wconf 86' lang='lat' dir='ltr'><strong>litterae</strong></span> <span class='ocrx_word' id='word_1_105' title='bbox 830 1572 915 1615; x_wconf 90' lang='lat' dir='ltr'><strong>meae</strong></span> <span class='ocrx_word' id='word_1_106' title='bbox 930 1563 1108 1632; x_wconf 90' lang='lat' dir='ltr'><strong>potnerunt,</strong></span> <span class='ocrx_word' id='word_1_107' title='bbox 1131 1562 1164 1616; x_wconf 90' lang='lat' dir='ltr'><strong>ut</strong></span> <span class='ocrx_word' id='word_1_108' title='bbox 1179 1557 1215 1617; x_wconf 91' lang='lat' dir='ltr'><strong>iis</strong></span> <span class='ocrx_word' id='word_1_109' title='bbox 1234 1554 1280 1618; x_wconf 89' lang='lat' dir='ltr'><strong>le·</strong></span> 
     </span>
     <span class='ocr_line' id='line_1_14' title="bbox 166 1637 1279 1720; baseline 0 -19"><span class='ocrx_word' id='word_1_110' title='bbox 166 1643 222 1702; x_wconf 89' lang='lat' dir='ltr'><strong>ctis</strong></span> <span class='ocrx_word' id='word_1_111' title='bbox 238 1660 356 1704; x_wconf 91' lang='lat' dir='ltr'><strong>omnem</strong></span> <span class='ocrx_word' id='word_1_112' title='bbox 377 1644 569 1705; x_wconf 84' lang='lat' dir='ltr'><strong>offensionem</strong></span> <span class='ocrx_word' id='word_1_113' title='bbox 589 1640 780 1719; x_wconf 88' lang='lat' dir='ltr'><strong>suspicionis,</strong></span> <span class='ocrx_word' id='word_1_114' title='bbox 808 1656 897 1717; x_wconf 86' lang='lat' dir='ltr'><strong>qnam</strong></span> <span class='ocrx_word' id='word_1_115' title='bbox 916 1637 1065 1701; x_wconf 88' lang='lat' dir='ltr'><strong>habueras</strong></span> <span class='ocrx_word' id='word_1_116' title='bbox 1093 1638 1131 1700; x_wconf 87' lang='lat' dir='ltr'><strong>de</strong></span> <span class='ocrx_word' id='word_1_117' title='bbox 1153 1640 1279 1720; x_wconf 75' lang='lat' dir='ltr'><strong>Lysone,</strong></span> 
     </span>
     <span class='ocr_line' id='line_1_15' title="bbox 167 1722 1279 1804; baseline -0.002 -17"><span class='ocrx_word' id='word_1_118' title='bbox 167 1726 346 1804; x_wconf 70' lang='lat' dir='ltr'><strong>deponerem</strong></span> <span class='ocrx_word' id='word_1_119' title='bbox 370 1727 476 1789; x_wconf 91' lang='lat' dir='ltr'><strong>deinde</strong></span> <span class='ocrx_word' id='word_1_120' title='bbox 491 1726 596 1786; x_wconf 89' lang='lat' dir='ltr'><strong>credas</strong></span> <span class='ocrx_word' id='word_1_121' title='bbox 617 1723 689 1785; x_wconf 90' lang='lat' dir='ltr'><strong>mibi</strong></span> <span class='ocrx_word' id='word_1_122' title='bbox 710 1723 869 1784; x_wconf 85' lang='lat' dir='ltr'><strong>affirmanti</strong></span> <span class='ocrx_word' id='word_1_123' title='bbox 889 1722 977 1784; x_wconf 91' lang='lat' dir='ltr'><strong>velim</strong></span> <span class='ocrx_word' id='word_1_124' title='bbox 996 1741 1045 1784; x_wconf 92' lang='lat' dir='ltr'><strong>me</strong></span> <span class='ocrx_word' id='word_1_125' title='bbox 1064 1723 1122 1783; x_wconf 90' lang='lat' dir='ltr'><strong>hoc</strong></span> <span class='ocrx_word' id='word_1_126' title='bbox 1143 1741 1204 1784; x_wconf 89' lang='lat' dir='ltr'><strong>non</strong></span> <span class='ocrx_word' id='word_1_127' title='bbox 1219 1740 1279 1802; x_wconf 88' lang='lat' dir='ltr'><strong>pro</strong></span> 
     </span>
     <span class='ocr_line' id='line_1_16' title="bbox 165 1804 1280 1891; baseline -0.003 -20"><span class='ocrx_word' id='word_1_128' title='bbox 165 1810 280 1890; x_wconf 80' lang='lat' dir='ltr'><strong>Lysone</strong></span> <span class='ocrx_word' id='word_1_129' title='bbox 292 1813 386 1890; x_wconf 88' lang='lat' dir='ltr'><strong>magis</strong></span> <span class='ocrx_word' id='word_1_130' title='bbox 399 1829 487 1891; x_wconf 87' lang='lat' dir='ltr'><strong>qnam</strong></span> <span class='ocrx_word' id='word_1_131' title='bbox 501 1827 557 1889; x_wconf 92' lang='lat' dir='ltr'><strong>pro</strong></span> <span class='ocrx_word' id='word_1_132' title='bbox 572 1808 709 1870; x_wconf 89' lang='lat' dir='ltr'><strong>omnibus</strong></span> <span class='ocrx_word' id='word_1_133' title='bbox 719 1804 860 1878; x_wconf 85' lang='lat' dir='ltr'><strong>scribere,</strong></span> <span class='ocrx_word' id='word_1_134' title='bbox 875 1806 1027 1869; x_wconf 91' lang='lat' dir='ltr'><strong>bominem</strong></span> <span class='ocrx_word' id='word_1_135' title='bbox 1042 1825 1106 1870; x_wconf 88' lang='lat' dir='ltr'><strong>esse</strong></span> <span class='ocrx_word' id='word_1_136' title='bbox 1120 1810 1280 1879; x_wconf 90' lang='lat' dir='ltr'><strong>neminem,</strong></span> 
     </span>
     <span class='ocr_line' id='line_1_17' title="bbox 165 1892 1282 1975; baseline -0.002 -19"><span class='ocrx_word' id='word_1_137' title='bbox 165 1898 215 1972; x_wconf 93' lang='lat' dir='ltr'><strong>qui</strong></span> <span class='ocrx_word' id='word_1_138' title='bbox 235 1913 365 1975; x_wconf 93' lang='lat' dir='ltr'><strong>unquam</strong></span> <span class='ocrx_word' id='word_1_139' title='bbox 389 1896 570 1957; x_wconf 89' lang='lat' dir='ltr'><strong>mentionem</strong></span> <span class='ocrx_word' id='word_1_140' title='bbox 593 1894 637 1954; x_wconf 89' lang='lat' dir='ltr'><strong>tui</strong></span> <span class='ocrx_word' id='word_1_141' title='bbox 658 1895 721 1953; x_wconf 89' lang='lat' dir='ltr'><strong>sine</strong></span> <span class='ocrx_word' id='word_1_142' title='bbox 739 1898 792 1952; x_wconf 89' lang='lat' dir='ltr'><strong>tua</strong></span> <span class='ocrx_word' id='word_1_143' title='bbox 806 1910 922 1953; x_wconf 91' lang='lat' dir='ltr'><strong>summa</strong></span> <span class='ocrx_word' id='word_1_144' title='bbox 942 1892 1030 1954; x_wconf 89' lang='lat' dir='ltr'><strong>laude</strong></span> <span class='ocrx_word' id='word_1_145' title='bbox 1048 1892 1161 1955; x_wconf 89' lang='lat' dir='ltr'><strong>fecerit.</strong></span> <span class='ocrx_word' id='word_1_146' title='bbox 1204 1894 1282 1974; x_wconf 75' lang='lat' dir='ltr'><strong>Lyso</strong></span> 
     </span>
     <span class='ocr_line' id='line_1_18' title="bbox 164 1976 1280 2058; baseline 0.001 -19"><span class='ocrx_word' id='word_1_147' title='bbox 164 1998 235 2040; x_wconf 89' lang='lat' dir='ltr'><strong>vero</strong></span> <span class='ocrx_word' id='word_1_148' title='bbox 251 1998 319 2042; x_wconf 93' lang='lat' dir='ltr'><strong>cum</strong></span> <span class='ocrx_word' id='word_1_149' title='bbox 333 1997 451 2043; x_wconf 91' lang='lat' dir='ltr'><strong>mecum</strong></span> <span class='ocrx_word' id='word_1_150' title='bbox 468 1996 562 2058; x_wconf 91' lang='lat' dir='ltr'><strong>prope</strong></span> <span class='ocrx_word' id='word_1_151' title='bbox 577 1977 706 2056; x_wconf 90' lang='lat' dir='ltr'><strong>quotidie</strong></span> <span class='ocrx_word' id='word_1_152' title='bbox 721 1983 800 2037; x_wconf 86' lang='lat' dir='ltr'><strong>esset</strong></span> <span class='ocrx_word' id='word_1_153' title='bbox 812 1994 930 2056; x_wconf 90' lang='lat' dir='ltr'><strong>unaque</strong></span> <span class='ocrx_word' id='word_1_154' title='bbox 948 1979 1072 2048; x_wconf 78' lang='lat' dir='ltr'><strong>viveret,</strong></span> <span class='ocrx_word' id='word_1_155' title='bbox 1094 1995 1155 2038; x_wconf 87' lang='lat' dir='ltr'><strong>nnn</strong></span> <span class='ocrx_word' id='word_1_156' title='bbox 1175 1976 1280 2048; x_wconf 87' lang='lat' dir='ltr'><strong>solum,</strong></span> 
     </span>
     <span class='ocr_line' id='line_1_19' title="bbox 165 2060 1281 2141; baseline -0.001 -17"><span class='ocrx_word' id='word_1_157' title='bbox 165 2065 233 2141; x_wconf 90' lang='lat' dir='ltr'><strong>quia</strong></span> <span class='ocrx_word' id='word_1_158' title='bbox 248 2063 375 2126; x_wconf 87' lang='lat' dir='ltr'><strong>libenter</strong></span> <span class='ocrx_word' id='word_1_159' title='bbox 390 2083 438 2126; x_wconf 91' lang='lat' dir='ltr'><strong>me</strong></span> <span class='ocrx_word' id='word_1_160' title='bbox 453 2063 555 2125; x_wconf 92' lang='lat' dir='ltr'><strong>audire</strong></span> <span class='ocrx_word' id='word_1_161' title='bbox 572 2061 780 2129; x_wconf 87' lang='lat' dir='ltr'><strong>arbitrabatm·,</strong></span> <span class='ocrx_word' id='word_1_162' title='bbox 802 2060 853 2121; x_wconf 89' lang='lat' dir='ltr'><strong>sed</strong></span> <span class='ocrx_word' id='word_1_163' title='bbox 870 2063 938 2139; x_wconf 83' lang='lat' dir='ltr'><strong>qula</strong></span> <span class='ocrx_word' id='word_1_164' title='bbox 952 2061 1092 2124; x_wconf 89' lang='lat' dir='ltr'><strong>libentius</strong></span> <span class='ocrx_word' id='word_1_165' title='bbox 1101 2064 1165 2141; x_wconf 90' lang='lat' dir='ltr'><strong>ipse</strong></span> <span class='ocrx_word' id='word_1_166' title='bbox 1178 2060 1281 2141; x_wconf 91' lang='lat' dir='ltr'><strong>loque-</strong></span> 
     </span>
     <span class='ocr_line' id='line_1_20' title="bbox 165 2143 1322 2226; baseline 0.001 -19"><span class='ocrx_word' id='word_1_167' title='bbox 165 2147 273 2218; x_wconf 90' lang='lat' dir='ltr'><strong>batnr,</strong></span> <span class='ocrx_word' id='word_1_168' title='bbox 296 2149 396 2209; x_wconf 91' lang='lat' dir='ltr'><strong>omnia</strong></span> <span class='ocrx_word' id='word_1_169' title='bbox 413 2149 484 2208; x_wconf 85' lang='lat' dir='ltr'><strong>milri</strong></span> <span class='ocrx_word' id='word_1_170' title='bbox 500 2155 549 2207; x_wconf 88' lang='lat' dir='ltr'><strong>tna</strong></span> <span class='ocrx_word' id='word_1_171' title='bbox 564 2154 593 2208; x_wconf 87' lang='lat' dir='ltr'><strong>et</strong></span> <span class='ocrx_word' id='word_1_172' title='bbox 609 2145 685 2207; x_wconf 89' lang='lat' dir='ltr'><strong>facta</strong></span> <span class='ocrx_word' id='word_1_173' title='bbox 702 2153 731 2207; x_wconf 88' lang='lat' dir='ltr'><strong>et</strong></span> <span class='ocrx_word' id='word_1_174' title='bbox 745 2145 823 2207; x_wconf 87' lang='lat' dir='ltr'><strong>dicta</strong></span> <span class='ocrx_word' id='word_1_175' title='bbox 837 2143 983 2206; x_wconf 86' lang='lat' dir='ltr'><strong>laudabat.</strong></span> <span class='ocrx_word' id='word_1_176' title='bbox 1020 2146 1208 2226; x_wconf 86' lang='lat' dir='ltr'><strong>Quapropter</strong></span> <span class='ocrx_word' id='word_1_177' title='bbox 1226 2147 1281 2208; x_wconf 89' lang='lat' dir='ltr'><strong>etsi</strong></span> <span class='ocrx_word' id='word_1_178' title='bbox 1303 2154 1322 2215; x_wconf 84' lang='lat'><strong>3</strong></span> 
     </span>
     <span class='ocr_line' id='line_1_21' title="bbox 165 2229 1282 2302; baseline 0.002 -12"><span class='ocrx_word' id='word_1_179' title='bbox 165 2238 228 2292; x_wconf 88' lang='lat' dir='ltr'><strong>ate</strong></span> <span class='ocrx_word' id='word_1_180' title='bbox 244 2233 285 2292; x_wconf 93' lang='lat' dir='ltr'><strong>ita</strong></span> <span class='ocrx_word' id='word_1_181' title='bbox 301 2237 460 2302; x_wconf 85' lang='lat' dir='ltr'><strong>tractatur,</strong></span> <span class='ocrx_word' id='word_1_182' title='bbox 482 2238 515 2293; x_wconf 92' lang='lat' dir='ltr'><strong>nt</strong></span> <span class='ocrx_word' id='word_1_183' title='bbox 534 2231 592 2292; x_wconf 94' lang='lat' dir='ltr'><strong>iam</strong></span> <span class='ocrx_word' id='word_1_184' title='bbox 614 2248 674 2290; x_wconf 91' lang='lat' dir='ltr'><strong>non</strong></span> <span class='ocrx_word' id='word_1_185' title='bbox 700 2229 849 2292; x_wconf 88' lang='lat' dir='ltr'><strong>desideret</strong></span> <span class='ocrx_word' id='word_1_186' title='bbox 876 2230 1161 2292; x_wconf 89' lang='lat' dir='ltr'><strong>commendationem</strong></span> <span class='ocrx_word' id='word_1_187' title='bbox 1184 2248 1282 2292; x_wconf 90' lang='lat' dir='ltr'><strong>meam</strong></span> 
     </span>
     <span class='ocr_line' id='line_1_22' title="bbox 166 2315 1281 2394; baseline 0.001 -18"><span class='ocrx_word' id='word_1_188' title='bbox 166 2315 292 2394; x_wconf 80' lang='lat' dir='ltr'><strong>unIsque</strong></span> <span class='ocrx_word' id='word_1_189' title='bbox 310 2334 341 2377; x_wconf 90' lang='lat' dir='ltr'><strong>se</strong></span> <span class='ocrx_word' id='word_1_190' title='bbox 356 2315 462 2377; x_wconf 90' lang='lat' dir='ltr'><strong>litteris</strong></span> <span class='ocrx_word' id='word_1_191' title='bbox 479 2316 554 2379; x_wconf 88' lang='lat' dir='ltr'><strong>meis</strong></span> <span class='ocrx_word' id='word_1_192' title='bbox 568 2315 666 2376; x_wconf 89' lang='lat' dir='ltr'><strong>omnia</strong></span> <span class='ocrx_word' id='word_1_193' title='bbox 687 2321 879 2377; x_wconf 89' lang='lat' dir='ltr'><strong>consecutum</strong></span> <span class='ocrx_word' id='word_1_194' title='bbox 890 2321 988 2394; x_wconf 89' lang='lat' dir='ltr'><strong>putet,</strong></span> <span class='ocrx_word' id='word_1_195' title='bbox 1012 2323 1111 2377; x_wconf 92' lang='lat' dir='ltr'><strong>tamen</strong></span> <span class='ocrx_word' id='word_1_196' title='bbox 1128 2335 1146 2377; x_wconf 91' lang='lat' dir='ltr'><strong>a</strong></span> <span class='ocrx_word' id='word_1_197' title='bbox 1161 2324 1191 2377; x_wconf 91' lang='lat' dir='ltr'><strong>te</strong></span> <span class='ocrx_word' id='word_1_198' title='bbox 1211 2324 1281 2394; x_wconf 88' lang='lat' dir='ltr'><strong>peto</strong></span> 
     </span>
     <span class='ocr_line' id='line_1_23' title="bbox 166 2398 1280 2477; baseline 0.002 -18"><span class='ocrx_word' id='word_1_199' title='bbox 166 2398 197 2459; x_wconf 89' lang='lat' dir='ltr'><strong>in</strong></span> <span class='ocrx_word' id='word_1_200' title='bbox 212 2399 355 2461; x_wconf 88' lang='lat' dir='ltr'><strong>maiorem</strong></span> <span class='ocrx_word' id='word_1_201' title='bbox 369 2400 506 2471; x_wconf 91' lang='lat' dir='ltr'><strong>modum,</strong></span> <span class='ocrx_word' id='word_1_202' title='bbox 529 2407 563 2461; x_wconf 91' lang='lat' dir='ltr'><strong>nt</strong></span> <span class='ocrx_word' id='word_1_203' title='bbox 577 2418 645 2461; x_wconf 90' lang='lat' dir='ltr'><strong>enm</strong></span> <span class='ocrx_word' id='word_1_204' title='bbox 663 2401 751 2462; x_wconf 87' lang='lat' dir='ltr'><strong>etlam</strong></span> <span class='ocrx_word' id='word_1_205' title='bbox 766 2407 854 2477; x_wconf 88' lang='lat' dir='ltr'><strong>atque</strong></span> <span class='ocrx_word' id='word_1_206' title='bbox 870 2400 957 2461; x_wconf 87' lang='lat' dir='ltr'><strong>etiam</strong></span> <span class='ocrx_word' id='word_1_207' title='bbox 968 2402 1026 2461; x_wconf 91' lang='lat' dir='ltr'><strong>tuis</strong></span> <span class='ocrx_word' id='word_1_208' title='bbox 1043 2400 1156 2468; x_wconf 85' lang='lat' dir='ltr'><strong>officiis,</strong></span> <span class='ocrx_word' id='word_1_209' title='bbox 1172 2399 1280 2462; x_wconf 91' lang='lat' dir='ltr'><strong>libera-</strong></span> 
     </span>
     <span class='ocr_line' id='line_1_24' title="bbox 166 2482 1281 2565; baseline 0.002 -22"><span class='ocrx_word' id='word_1_210' title='bbox 166 2482 247 2545; x_wconf 88' lang='lat' dir='ltr'><strong>litate</strong></span> <span class='ocrx_word' id='word_1_211' title='bbox 263 2483 469 2565; x_wconf 89' lang='lat' dir='ltr'><strong>complectare.</strong></span> <span class='ocrx_word' id='word_1_212' title='bbox 513 2483 681 2547; x_wconf 89' lang='lat' dir='ltr'><strong>Scriberem</strong></span> <span class='ocrx_word' id='word_1_213' title='bbox 697 2484 733 2545; x_wconf 93' lang='lat' dir='ltr'><strong>ad</strong></span> <span class='ocrx_word' id='word_1_214' title='bbox 748 2491 788 2554; x_wconf 93' lang='lat' dir='ltr'><strong>te,</strong></span> <span class='ocrx_word' id='word_1_215' title='bbox 809 2483 903 2563; x_wconf 90' lang='lat' dir='ltr'><strong>qualis</strong></span> <span class='ocrx_word' id='word_1_216' title='bbox 914 2485 959 2544; x_wconf 85' lang='lat' dir='ltr'><strong>vir</strong></span> <span class='ocrx_word' id='word_1_217' title='bbox 974 2490 1066 2556; x_wconf 84' lang='lat' dir='ltr'><strong>esset,</strong></span> <span class='ocrx_word' id='word_1_218' title='bbox 1091 2493 1125 2546; x_wconf 91' lang='lat' dir='ltr'><strong>nt</strong></span> <span class='ocrx_word' id='word_1_219' title='bbox 1143 2486 1281 2563; x_wconf 85' lang='lat' dir='ltr'><strong>superio·</strong></span> 
     </span>
     <span class='ocr_line' id='line_1_25' title="bbox 166 2566 1281 2648; baseline 0.004 -21"><span class='ocrx_word' id='word_1_220' title='bbox 166 2566 249 2631; x_wconf 89' lang='lat' dir='ltr'><strong>ribus</strong></span> <span class='ocrx_word' id='word_1_221' title='bbox 263 2568 368 2630; x_wconf 91' lang='lat' dir='ltr'><strong>litteris</strong></span> <span class='ocrx_word' id='word_1_222' title='bbox 384 2570 528 2639; x_wconf 82' lang='lat' dir='ltr'><strong>feceram,</strong></span> <span class='ocrx_word' id='word_1_223' title='bbox 558 2570 614 2629; x_wconf 91' lang='lat' dir='ltr'><strong>nisi</strong></span> <span class='ocrx_word' id='word_1_224' title='bbox 635 2586 702 2630; x_wconf 91' lang='lat' dir='ltr'><strong>eum</strong></span> <span class='ocrx_word' id='word_1_225' title='bbox 721 2570 779 2629; x_wconf 92' lang='lat' dir='ltr'><strong>iam</strong></span> <span class='ocrx_word' id='word_1_226' title='bbox 799 2586 855 2647; x_wconf 93' lang='lat' dir='ltr'><strong>per</strong></span> <span class='ocrx_word' id='word_1_227' title='bbox 879 2587 912 2631; x_wconf 84' lang='lat' dir='ltr'><strong>se</strong></span> <span class='ocrx_word' id='word_1_228' title='bbox 933 2570 1029 2648; x_wconf 89' lang='lat' dir='ltr'><strong>ipsum</strong></span> <span class='ocrx_word' id='word_1_229' title='bbox 1050 2568 1104 2633; x_wconf 90' lang='lat' dir='ltr'><strong>tibi</strong></span> <span class='ocrx_word' id='word_1_230' title='bbox 1128 2572 1199 2631; x_wconf 90' lang='lat' dir='ltr'><strong>satis</strong></span> <span class='ocrx_word' id='word_1_231' title='bbox 1215 2586 1281 2633; x_wconf 83' lang='lat' dir='ltr'><strong>esse</strong></span> 
     </span>
     <span class='ocr_line' id='line_1_26' title="bbox 165 2653 455 2715; baseline 0.014 -4"><span class='ocrx_word' id='word_1_232' title='bbox 165 2659 268 2714; x_wconf 90' lang='lat' dir='ltr'><strong>notum</strong></span> <span class='ocrx_word' id='word_1_233' title='bbox 284 2653 455 2715; x_wconf 86' lang='lat' dir='ltr'><strong>arbitrarer.</strong></span> 
     </span>
    </p>
   </div>
   <div class='ocr_carea' id='block_1_5' title="bbox 546 2783 907 2969">
    <p class='ocr_par' dir='ltr' id='par_1_5' title="bbox 546 2783 907 2969">
     <span class='ocr_line' id='line_1_27' title="bbox 546 2783 907 2853; baseline -0.014 0"><span class='ocrx_word' id='word_1_234' title='bbox 546 2785 726 2853; x_wconf 73' lang='lat' dir='ltr'><strong>Emesena</strong></span> <span class='ocrx_word' id='word_1_235' title='bbox 740 2783 907 2851; x_wconf 87' lang='lat' dir='ltr'>XXXVI.</span> 
     </span>
     <span class='ocr_line' id='line_1_28' title="bbox 581 2909 871 2969; baseline 0 -2"><span class='ocrx_word' id='word_1_236' title='bbox 581 2909 697 2969; x_wconf 85' lang='lat' dir='ltr'>CICERO</span> <span class='ocrx_word' id='word_1_237' title='bbox 712 2909 828 2967; x_wconf 85' lang='lat' dir='ltr'>SERVIO</span> <span class='ocrx_word' id='word_1_238' title='bbox 843 2910 871 2967; x_wconf 92' lang='lat' dir='ltr'><strong>S.</strong></span> 
     </span>
    </p>
   </div>
   <div class='ocr_carea' id='block_1_6' title="bbox 165 3022 1283 3442">
    <p class='ocr_par' dir='ltr' id='par_1_6' title="bbox 165 3022 1283 3442">
     <span class='ocr_line' id='line_1_29' title="bbox 250 3022 1282 3104; baseline 0.002 -20"><span class='ocrx_word' id='word_1_239' title='bbox 250 3022 563 3102; x_wconf 83' lang='lat' dir='ltr'><strong>AsclaponePatrensi,</strong></span> <span class='ocrx_word' id='word_1_240' title='bbox 576 3024 701 3095; x_wconf 87' lang='lat' dir='ltr'><strong>medico,</strong></span> <span class='ocrx_word' id='word_1_241' title='bbox 723 3033 793 3087; x_wconf 83' lang='lat' dir='ltr'><strong>utor</strong></span> <span class='ocrx_word' id='word_1_242' title='bbox 808 3023 989 3086; x_wconf 79' lang='lat' dir='ltr'><strong>familiariter</strong></span> <span class='ocrx_word' id='word_1_243' title='bbox 1001 3026 1198 3104; x_wconf 86' lang='lat' dir='ltr'><strong>einsquecum</strong></span> <span class='ocrx_word' id='word_1_244' title='bbox 1210 3043 1282 3086; x_wconf 90' lang='lat' dir='ltr'><strong>con·</strong></span> 
     </span>
     <span class='ocr_line' id='line_1_30' title="bbox 166 3108 1283 3189; baseline 0 -18"><span class='ocrx_word' id='word_1_245' title='bbox 166 3108 291 3171; x_wconf 89' lang='lat' dir='ltr'><strong>suetudo</strong></span> <span class='ocrx_word' id='word_1_246' title='bbox 307 3108 380 3169; x_wconf 91' lang='lat' dir='ltr'><strong>mibi</strong></span> <span class='ocrx_word' id='word_1_247' title='bbox 392 3108 520 3170; x_wconf 87' lang='lat' dir='ltr'><strong>incunda</strong></span> <span class='ocrx_word' id='word_1_248' title='bbox 536 3109 605 3180; x_wconf 89' lang='lat' dir='ltr'><strong>fuit,</strong></span> <span class='ocrx_word' id='word_1_249' title='bbox 629 3116 691 3170; x_wconf 92' lang='lat' dir='ltr'><strong>tum</strong></span> <span class='ocrx_word' id='word_1_250' title='bbox 708 3126 757 3169; x_wconf 85' lang='lat' dir='ltr'><strong>ars</strong></span> <span class='ocrx_word' id='word_1_251' title='bbox 779 3110 882 3178; x_wconf 91' lang='lat' dir='ltr'><strong>etiam,</strong></span> <span class='ocrx_word' id='word_1_252' title='bbox 908 3127 997 3188; x_wconf 92' lang='lat' dir='ltr'><strong>quam</strong></span> <span class='ocrx_word' id='word_1_253' title='bbox 1012 3127 1077 3171; x_wconf 92' lang='lat' dir='ltr'><strong>sum</strong></span> <span class='ocrx_word' id='word_1_254' title='bbox 1092 3117 1233 3189; x_wconf 81' lang='lat' dir='ltr'><strong>expertus</strong></span> <span class='ocrx_word' id='word_1_255' title='bbox 1251 3111 1283 3171; x_wconf 92' lang='lat' dir='ltr'><strong>in</strong></span> 
     </span>
     <span class='ocr_line' id='line_1_31' title="bbox 165 3192 1282 3273; baseline 0.005 -23"><span class='ocrx_word' id='word_1_256' title='bbox 165 3192 331 3254; x_wconf 85' lang='lat' dir='ltr'><strong>valetudine</strong></span> <span class='ocrx_word' id='word_1_257' title='bbox 347 3212 499 3262; x_wconf 90' lang='lat' dir='ltr'><strong>meorum;</strong></span> <span class='ocrx_word' id='word_1_258' title='bbox 521 3196 630 3273; x_wconf 91' lang='lat' dir='ltr'><strong>inqua</strong></span> <span class='ocrx_word' id='word_1_259' title='bbox 650 3194 723 3255; x_wconf 91' lang='lat' dir='ltr'><strong>mibi</strong></span> <span class='ocrx_word' id='word_1_260' title='bbox 745 3211 815 3255; x_wconf 91' lang='lat' dir='ltr'><strong>cnm</strong></span> <span class='ocrx_word' id='word_1_261' title='bbox 833 3194 897 3273; x_wconf 91' lang='lat' dir='ltr'><strong>ipsa</strong></span> <span class='ocrx_word' id='word_1_262' title='bbox 922 3195 1042 3255; x_wconf 88' lang='lat' dir='ltr'><strong>scientia</strong></span> <span class='ocrx_word' id='word_1_263' title='bbox 1063 3203 1127 3259; x_wconf 88' lang='lat' dir='ltr'><strong>tum</strong></span> <span class='ocrx_word' id='word_1_264' title='bbox 1143 3196 1231 3258; x_wconf 87' lang='lat' dir='ltr'><strong>etiam</strong></span> <span class='ocrx_word' id='word_1_265' title='bbox 1247 3195 1282 3256; x_wconf 88' lang='lat' dir='ltr'><strong>fi-</strong></span> 
     </span>
     <span class='ocr_line' id='line_1_32' title="bbox 168 3274 1283 3357; baseline 0.004 -23"><span class='ocrx_word' id='word_1_266' title='bbox 168 3274 286 3337; x_wconf 90' lang='lat' dir='ltr'><strong>delitate</strong></span> <span class='ocrx_word' id='word_1_267' title='bbox 305 3276 568 3357; x_wconf 87' lang='lat' dir='ltr'><strong>benevolentiaque</strong></span> <span class='ocrx_word' id='word_1_268' title='bbox 589 3277 737 3339; x_wconf 87' lang='lat' dir='ltr'><strong>satisfecit.</strong></span> <span class='ocrx_word' id='word_1_269' title='bbox 782 3278 869 3340; x_wconf 88' lang='lat' dir='ltr'><strong>Hunc</strong></span> <span class='ocrx_word' id='word_1_270' title='bbox 887 3280 977 3356; x_wconf 88' lang='lat' dir='ltr'><strong>igitur</strong></span> <span class='ocrx_word' id='word_1_271' title='bbox 990 3278 1044 3339; x_wconf 90' lang='lat' dir='ltr'><strong>tibi</strong></span> <span class='ocrx_word' id='word_1_272' title='bbox 1055 3279 1232 3340; x_wconf 86' lang='lat' dir='ltr'><strong>commendo</strong></span> <span class='ocrx_word' id='word_1_273' title='bbox 1253 3287 1283 3340; x_wconf 92' lang='lat' dir='ltr'><strong>et</strong></span> 
     </span>
     <span class='ocr_line' id='line_1_33' title="bbox 168 3359 1278 3442; baseline 0.005 -23"><span class='ocrx_word' id='word_1_274' title='bbox 168 3368 228 3419; x_wconf 88' lang='lat' dir='ltr'><strong>ate</strong></span> <span class='ocrx_word' id='word_1_275' title='bbox 244 3365 328 3437; x_wconf 90' lang='lat' dir='ltr'><strong>peto,</strong></span> <span class='ocrx_word' id='word_1_276' title='bbox 350 3367 385 3421; x_wconf 90' lang='lat' dir='ltr'><strong>ut</strong></span> <span class='ocrx_word' id='word_1_277' title='bbox 399 3359 451 3421; x_wconf 85' lang='lat' dir='ltr'><strong>des</strong></span> <span class='ocrx_word' id='word_1_278' title='bbox 469 3378 591 3441; x_wconf 88' lang='lat' dir='ltr'><strong>operam</strong></span> <span class='ocrx_word' id='word_1_279' title='bbox 608 3370 641 3423; x_wconf 90' lang='lat' dir='ltr'><strong>ut</strong></span> <span class='ocrx_word' id='word_1_280' title='bbox 655 3362 799 3441; x_wconf 85' lang='lat' dir='ltr'><strong>intelligat</strong></span> <span class='ocrx_word' id='word_1_281' title='bbox 818 3361 976 3441; x_wconf 89' lang='lat' dir='ltr'><strong>diligenter</strong></span> <span class='ocrx_word' id='word_1_282' title='bbox 996 3379 1045 3423; x_wconf 91' lang='lat' dir='ltr'><strong>me</strong></span> <span class='ocrx_word' id='word_1_283' title='bbox 1064 3364 1218 3442; x_wconf 88' lang='lat' dir='ltr'><strong>scripsisse</strong></span> <span class='ocrx_word' id='word_1_284' title='bbox 1241 3362 1278 3425; x_wconf 96' lang='lat' dir='ltr'><strong>de</strong></span> 
     </span>
    </p>
   </div>
   <div class='ocr_carea' id='block_1_7' title="bbox 166 3526 1285 4340">
    <p class='ocr_par' dir='ltr' id='par_1_7' title="bbox 167 3526 1283 3987">
     <span class='ocr_line' id='line_1_34' title="bbox 234 3526 1281 3597; baseline 0.006 -20"><span class='ocrx_word' id='word_1_285' title='bbox 234 3528 332 3580; x_wconf 74' lang='lat' dir='ltr'><strong>Error.</strong></span> <span class='ocrx_word' id='word_1_286' title='bbox 349 3526 461 3579; x_wconf 87' lang='lat' dir='ltr'>XXXV.</span> <span class='ocrx_word' id='word_1_287' title='bbox 480 3527 550 3591; x_wconf 78' lang='lat'><strong>(⁷08.</strong></span> <span class='ocrx_word' id='word_1_288' title='bbox 564 3528 622 3592; x_wconf 76' lang='lat'>46.)</span> <span class='ocrx_word' id='word_1_289' title='bbox 640 3529 698 3596; x_wconf 89' lang='lat' dir='ltr'><strong>Ly·</strong></span> <span class='ocrx_word' id='word_1_290' title='bbox 748 3535 846 3594; x_wconf 70' lang='lat' dir='ltr'><strong>neret,</strong></span> <span class='ocrx_word' id='word_1_291' title='bbox 875 3528 979 3596; x_wconf 81' lang='lat' dir='ltr'><strong>partim</strong></span> <span class='ocrx_word' id='word_1_292' title='bbox 1001 3530 1076 3597; x_wconf 82' lang='lat' dir='ltr'><strong>quod</strong></span> <span class='ocrx_word' id='word_1_293' title='bbox 1098 3528 1281 3597; x_wconf 70' lang='lat' dir='ltr'><strong>religionibus</strong></span> 
     </span>
     <span class='ocr_line' id='line_1_35' title="bbox 168 3592 1097 3665; baseline 0.003 -19"><span class='ocrx_word' id='word_1_294' title='bbox 168 3606 199 3646; x_wconf 84' lang='lat' dir='ltr'><strong>so</strong></span> <span class='ocrx_word' id='word_1_295' title='bbox 220 3610 280 3647; x_wconf 83' lang='lat' dir='ltr'><strong>war</strong></span> <span class='ocrx_word' id='word_1_296' title='bbox 303 3592 350 3647; x_wconf 86' lang='lat' dir='ltr'><strong>bei</strong></span> <span class='ocrx_word' id='word_1_297' title='bbox 370 3594 488 3647; x_wconf 82' lang='lat' dir='ltr'><strong>Servius</strong></span> <span class='ocrx_word' id='word_1_298' title='bbox 506 3594 697 3662; x_wconf 80' lang='lat' dir='ltr'><strong>lverliiurndet‚</strong></span> <span class='ocrx_word' id='word_1_299' title='bbox 749 3595 1097 3665; x_wconf 75' lang='lat' dir='ltr'><strong>impedirieeeedioeret.</strong></span> 
     </span>
     <span class='ocr_line' id='line_1_36' title="bbox 171 3660 1279 3730; baseline 0.006 -19"><span class='ocrx_word' id='word_1_300' title='bbox 171 3660 311 3714; x_wconf 76' lang='lat' dir='ltr'><strong>troiadem</strong></span> <span class='ocrx_word' id='word_1_301' title='bbox 332 3662 401 3714; x_wconf 83' lang='lat' dir='ltr'><strong>aber</strong></span> <span class='ocrx_word' id='word_1_302' title='bbox 421 3662 474 3714; x_wconf 82' lang='lat' dir='ltr'><strong>auf</strong></span> <span class='ocrx_word' id='word_1_303' title='bbox 491 3661 542 3715; x_wconf 82' lang='lat' dir='ltr'><strong>das</strong></span> <span class='ocrx_word' id='word_1_304' title='bbox 563 3679 619 3715; x_wconf 83' lang='lat' dir='ltr'><strong>von</strong></span> <span class='ocrx_word' id='word_1_305' title='bbox 651 3664 699 3717; x_wconf 85' lang='lat' dir='ltr'><strong>Oi·</strong></span> <span class='ocrx_word' id='word_1_306' title='bbox 784 3662 1067 3730; x_wconf 62' lang='lat' dir='ltr'><strong>Reumpotuerunt]</strong></span> <span class='ocrx_word' id='word_1_307' title='bbox 1080 3680 1279 3718; x_wconf 72' lang='lat' dir='ltr'><strong>eumzwonn.</strong></span> 
     </span>
     <span class='ocr_line' id='line_1_37' title="bbox 169 3719 1281 3799; baseline 0.005 -20"><span class='ocrx_word' id='word_1_308' title='bbox 169 3745 234 3780; x_wconf 85' lang='lat' dir='ltr'><strong>cero</strong></span> <span class='ocrx_word' id='word_1_309' title='bbox 260 3727 447 3783; x_wconf 85' lang='lat' dir='ltr'><strong>iiberbrncbte</strong></span> <span class='ocrx_word' id='word_1_310' title='bbox 479 3728 699 3799; x_wconf 84' lang='lat' dir='ltr'><strong>Empfehlungs-</strong></span> <span class='ocrx_word' id='word_1_311' title='bbox 750 3730 810 3784; x_wconf 87' lang='lat' dir='ltr'><strong>Der</strong></span> <span class='ocrx_word' id='word_1_312' title='bbox 826 3719 999 3797; x_wconf 73' lang='lat' dir='ltr'><strong>Coniunctiv</strong></span> <span class='ocrx_word' id='word_1_313' title='bbox 1013 3730 1164 3784; x_wconf 76' lang='lat' dir='ltr'><strong>wirdeals</strong></span> <span class='ocrx_word' id='word_1_314' title='bbox 1178 3732 1281 3799; x_wconf 73' lang='lat' dir='ltr'><strong>genias</strong></span> 
     </span>
     <span class='ocr_line' id='line_1_38' title="bbox 167 3794 1282 3865; baseline 0.003 -16"><span class='ocrx_word' id='word_1_315' title='bbox 167 3794 318 3849; x_wconf 85' lang='lat' dir='ltr'><strong>schreiben</strong></span> <span class='ocrx_word' id='word_1_316' title='bbox 342 3796 389 3850; x_wconf 89' lang='lat' dir='ltr'><strong>hin</strong></span> <span class='ocrx_word' id='word_1_317' title='bbox 407 3802 459 3865; x_wconf 88' lang='lat' dir='ltr'><strong>gut</strong></span> <span class='ocrx_word' id='word_1_318' title='bbox 482 3798 698 3865; x_wconf 81' lang='lat' dir='ltr'><strong>anfgenommen</strong></span> <span class='ocrx_word' id='word_1_319' title='bbox 750 3805 967 3861; x_wconf 77' lang='lat' dir='ltr'><strong>voraussetzen,</strong></span> <span class='ocrx_word' id='word_1_320' title='bbox 983 3798 1048 3851; x_wconf 81' lang='lat' dir='ltr'><strong>dass</strong></span> <span class='ocrx_word' id='word_1_321' title='bbox 1062 3798 1112 3851; x_wconf 82' lang='lat' dir='ltr'><strong>das</strong></span> <span class='ocrx_word' id='word_1_322' title='bbox 1125 3799 1282 3852; x_wconf 79' lang='lat' dir='ltr'><strong>schreiben</strong></span> 
     </span>
     <span class='ocr_line' id='line_1_39' title="bbox 167 3864 1283 3986; baseline 0.005 -70"><span class='ocrx_word' id='word_1_323' title='bbox 167 3864 294 3916; x_wconf 86' lang='lat' dir='ltr'><strong>worden.</strong></span> <span class='ocrx_word' id='word_1_324' title='bbox 750 3866 884 3986; x_wconf 58' lang='lat' dir='ltr'><strong>Uibklich</strong></span> <span class='ocrx_word' id='word_1_325' title='bbox 901 3883 932 3919; x_wconf 83' lang='lat' dir='ltr'><strong>so</strong></span> <span class='ocrx_word' id='word_1_326' title='bbox 950 3865 1008 3919; x_wconf 81' lang='lat' dir='ltr'><strong>viel</strong></span> <span class='ocrx_word' id='word_1_327' title='bbox 1026 3865 1158 3919; x_wconf 83' lang='lat' dir='ltr'><strong>Gewicbt</strong></span> <span class='ocrx_word' id='word_1_328' title='bbox 1177 3867 1283 3935; x_wconf 80' lang='lat' dir='ltr'><strong>gebabt</strong></span> 
     </span>
     <span class='ocr_line' id='line_1_40' title="bbox 770 3951 833 3987; baseline 0 -1"><span class='ocrx_word' id='word_1_329' title='bbox 770 3951 833 3987; x_wconf 78' lang='lat' dir='ltr'><strong>aa.</strong></span> 
     </span>
    </p>

    <p class='ocr_par' dir='ltr' id='par_1_8' title="bbox 166 3997 1285 4340">
     <span class='ocr_line' id='line_1_41' title="bbox 202 3997 1284 4068; baseline 0.006 -19"><span class='ocrx_word' id='word_1_330' title='bbox 202 4002 225 4049; x_wconf 88' lang='lat'><strong>1.</strong></span> <span class='ocrx_word' id='word_1_331' title='bbox 244 3999 366 4051; x_wconf 84' lang='lat' dir='ltr'><strong>delatum</strong></span> <span class='ocrx_word' id='word_1_332' title='bbox 379 3997 495 4066; x_wconf 82' lang='lat' dir='ltr'><strong>diceret]</strong></span> <span class='ocrx_word' id='word_1_333' title='bbox 512 4000 541 4053; x_wconf 82' lang='lat' dir='ltr'><strong>S.</strong></span> <span class='ocrx_word' id='word_1_334' title='bbox 560 4018 583 4057; x_wconf 83' lang='lat' dir='ltr'><strong>z.</strong></span> <span class='ocrx_word' id='word_1_335' title='bbox 601 4001 639 4055; x_wconf 89' lang='lat' dir='ltr'><strong>II.</strong></span> <span class='ocrx_word' id='word_1_336' title='bbox 658 4005 698 4056; x_wconf 77' lang='lat'><strong>12.</strong></span> <span class='ocrx_word' id='word_1_337' title='bbox 783 4003 882 4054; x_wconf 77' lang='lat' dir='ltr'><strong>Error.</strong></span> <span class='ocrx_word' id='word_1_338' title='bbox 903 4002 1031 4055; x_wconf 84' lang='lat' dir='ltr'>XXXVI.</span> <span class='ocrx_word' id='word_1_339' title='bbox 1054 4003 1126 4068; x_wconf 78' lang='lat'><strong>(⁷08.</strong></span> <span class='ocrx_word' id='word_1_340' title='bbox 1142 4002 1199 4065; x_wconf 80' lang='lat'><strong>46.)</strong></span> <span class='ocrx_word' id='word_1_341' title='bbox 1225 4003 1284 4055; x_wconf 83' lang='lat' dir='ltr'><strong>Der</strong></span> 
     </span>
     <span class='ocr_line' id='line_1_42' title="bbox 166 4065 1285 4123; baseline 0.004 -6"><span class='ocrx_word' id='word_1_342' title='bbox 166 4069 191 4118; x_wconf 84' lang='grc'><strong>6.</strong></span> <span class='ocrx_word' id='word_1_343' title='bbox 202 4065 317 4119; x_wconf 82' lang='lat' dir='ltr'><strong>Caes.B</strong></span> <span class='ocrx_word' id='word_1_344' title='bbox 340 4066 376 4118; x_wconf 86' lang='lat' dir='ltr'><strong>G.</strong></span> <span class='ocrx_word' id='word_1_345' title='bbox 386 4066 421 4118; x_wconf 88' lang='lat' dir='ltr'><strong>V.</strong></span> <span class='ocrx_word' id='word_1_346' title='bbox 433 4069 459 4119; x_wconf 84' lang='grc'><strong>6.</strong></span> <span class='ocrx_word' id='word_1_347' title='bbox 471 4072 498 4119; x_wconf 88' lang='lat'><strong>3.</strong></span> <span class='ocrx_word' id='word_1_348' title='bbox 513 4067 700 4123; x_wconf 79' lang='lat' dir='ltr'><strong>flteomnibue</strong></span> <span class='ocrx_word' id='word_1_349' title='bbox 750 4069 822 4123; x_wconf 81' lang='lat' dir='ltr'><strong>Arzt</strong></span> <span class='ocrx_word' id='word_1_350' title='bbox 835 4068 917 4122; x_wconf 79' lang='lat' dir='ltr'><strong>Ascla</strong></span> <span class='ocrx_word' id='word_1_351' title='bbox 939 4087 955 4122; x_wconf 88' lang='lat' dir='ltr'><strong>o</strong></span> <span class='ocrx_word' id='word_1_352' title='bbox 972 4070 1050 4123; x_wconf 84' lang='lat' dir='ltr'><strong>batte</strong></span> <span class='ocrx_word' id='word_1_353' title='bbox 1068 4068 1157 4122; x_wconf 82' lang='lat' dir='ltr'><strong>durclr</strong></span> <span class='ocrx_word' id='word_1_354' title='bbox 1169 4069 1215 4123; x_wconf 81' lang='lat' dir='ltr'><strong>die</strong></span> <span class='ocrx_word' id='word_1_355' title='bbox 1227 4069 1285 4122; x_wconf 84' lang='lat' dir='ltr'><strong>Be·</strong></span> 
     </span>
     <span class='ocr_line' id='line_1_43' title="bbox 166 4133 1285 4205; baseline 0.003 -20"><span class='ocrx_word' id='word_1_356' title='bbox 166 4134 256 4199; x_wconf 80' lang='lat' dir='ltr'><strong>primo</strong></span> <span class='ocrx_word' id='word_1_357' title='bbox 264 4133 392 4201; x_wconf 77' lang='lat' dir='ltr'><strong>precibus</strong></span> <span class='ocrx_word' id='word_1_358' title='bbox 401 4140 493 4201; x_wconf 83' lang='lat' dir='ltr'><strong>petere</strong></span> <span class='ocrx_word' id='word_1_359' title='bbox 502 4137 653 4202; x_wconf 81' lang='lat' dir='ltr'><strong>contendit,</strong></span> <span class='ocrx_word' id='word_1_360' title='bbox 666 4144 700 4190; x_wconf 86' lang='lat' dir='ltr'><strong>ut</strong></span> <span class='ocrx_word' id='word_1_361' title='bbox 749 4136 896 4205; x_wconf 80' lang='lat' dir='ltr'><strong>bandlnng</strong></span> <span class='ocrx_word' id='word_1_362' title='bbox 926 4154 957 4191; x_wconf 85' lang='lat' dir='ltr'><strong>es</strong></span> <span class='ocrx_word' id='word_1_363' title='bbox 969 4137 1098 4190; x_wconf 77' lang='lat' dir='ltr'><strong>kranlreu</strong></span> <span class='ocrx_word' id='word_1_364' title='bbox 1106 4136 1177 4189; x_wconf 87' lang='lat' dir='ltr'><strong>Tiro</strong></span> <span class='ocrx_word' id='word_1_365' title='bbox 1189 4137 1218 4188; x_wconf 90' lang='lat' dir='ltr'><strong>in</strong></span> <span class='ocrx_word' id='word_1_366' title='bbox 1231 4137 1285 4188; x_wconf 85' lang='lat' dir='ltr'><strong>Pa·</strong></span> 
     </span>
     <span class='ocr_line' id='line_1_44' title="bbox 167 4200 1284 4272; baseline 0.005 -23"><span class='ocrx_word' id='word_1_367' title='bbox 167 4200 198 4251; x_wconf 83' lang='lat' dir='ltr'><strong>in</strong></span> <span class='ocrx_word' id='word_1_368' title='bbox 222 4202 318 4253; x_wconf 80' lang='lat' dir='ltr'><strong>Gallia</strong></span> <span class='ocrx_word' id='word_1_369' title='bbox 342 4201 563 4271; x_wconf 81' lang='lat' dir='ltr'><strong>relinqueretur,</strong></span> <span class='ocrx_word' id='word_1_370' title='bbox 593 4206 698 4271; x_wconf 82' lang='lat' dir='ltr'><strong>partim</strong></span> <span class='ocrx_word' id='word_1_371' title='bbox 744 4210 816 4257; x_wconf 78' lang='lat' dir='ltr'><strong>-trae</strong></span> <span class='ocrx_word' id='word_1_372' title='bbox 829 4204 931 4257; x_wconf 85' lang='lat' dir='ltr'><strong>Cicero</strong></span> <span class='ocrx_word' id='word_1_373' title='bbox 947 4220 1047 4272; x_wconf 77' lang='lat' dir='ltr'><strong>grosse</strong></span> <span class='ocrx_word' id='word_1_374' title='bbox 1058 4204 1177 4257; x_wconf 82' lang='lat' dir='ltr'><strong>Dieuste</strong></span> <span class='ocrx_word' id='word_1_375' title='bbox 1194 4203 1284 4271; x_wconf 79' lang='lat' dir='ltr'><strong>gelei-</strong></span> 
     </span>
     <span class='ocr_line' id='line_1_45' title="bbox 168 4270 1034 4340; baseline 0.007 -22"><span class='ocrx_word' id='word_1_376' title='bbox 168 4270 242 4333; x_wconf 85' lang='lat' dir='ltr'><strong>quod</strong></span> <span class='ocrx_word' id='word_1_377' title='bbox 258 4270 546 4337; x_wconf 74' lang='lat' dir='ltr'><strong>insueturnavigandi</strong></span> <span class='ocrx_word' id='word_1_378' title='bbox 563 4288 639 4326; x_wconf 81' lang='lat' dir='ltr'><strong>marc</strong></span> <span class='ocrx_word' id='word_1_379' title='bbox 662 4273 699 4324; x_wconf 86' lang='lat' dir='ltr'><strong>ti·</strong></span> <span class='ocrx_word' id='word_1_380' title='bbox 750 4279 817 4326; x_wconf 84' lang='lat' dir='ltr'><strong>stet.</strong></span> <span class='ocrx_word' id='word_1_381' title='bbox 841 4272 906 4340; x_wconf 83' lang='lat' dir='ltr'><strong>Vgl.</strong></span> <span class='ocrx_word' id='word_1_382' title='bbox 920 4271 942 4325; x_wconf 94' lang='lat'><strong>1.</strong></span> <span class='ocrx_word' id='word_1_383' title='bbox 954 4275 997 4325; x_wconf 79' lang='lat'><strong>28.</strong></span> <span class='ocrx_word' id='word_1_384' title='bbox 1009 4277 1034 4325; x_wconf 84' lang='grc'><strong>3.</strong></span> 
     </span>
    </p>
   </div>
   <div class='ocr_carea' id='block_1_8' title="bbox 0 0 1506 4650">
    <p class='ocr_par' dir='ltr' id='par_1_9' title="bbox 0 0 1506 4650">
     <span class='ocr_line' id='line_1_46' title="bbox 0 0 1506 4650; baseline 0 0"><span class='ocrx_word' id='word_1_385' title='bbox 0 0 1506 4650; x_wconf 95' lang='lat' dir='ltr'><strong> </strong></span> 
     </span>
    </p>
   </div>
  </div>
 </body>
</html>
