3000 4650
446 287 515 348 ult.
532 286 640 348 IUNlUS
654 287 784 346 taurus
798 287 946 347 tenuius
1198 284 1259 349 187

140 475 210 518 snm
227 457 357 534 gavisus;
374 455 403 516 in
416 453 474 515 boc
490 449 569 514 'enim
585 454 738 515 victoriam
750 462 822 531 puto
834 454 1004 515 consistere.
1029 452 1065 515 ln
1075 471 1160 534 spem
1170 472 1259 519 rene·
1344 496 1350 509 ·

141 550 226 612 rant,
243 540 322 618 quod
336 556 433 619 neque
446 536 547 600 Planci
561 543 699 617 quattuor
715 537 849 616 legiones
863 536 1001 600 omnibus
1019 541 1081 600 suis
1099 540 1191 618 copiis
1206 558 1258 620 pa-

140 644 193 688 res
218 623 437 686 arbitrabantur
460 639 558 701 neque
584 641 621 684 er
645 619 727 683 ltalia
750 628 812 683 tam
835 619 972 684 celeriter
987 622 1149 685 exercitum
1162 626 1258 687 traiici

141 726 231 788 posse
243 707 413 770 credebant.
444 704 525 777 Quos
538 707 595 786 ipsi
609 705 706 767 adhuc
720 709 792 767 satis
807 714 981 784 arroganter
991 704 1165 785 Allobroges
1177 710 1259 789 equi·

142 801 279 874 latusque
294 793 408 862 omnis,
425 791 475 870 qui
491 808 526 852 eo
541 791 720 871 praemissus
735 798 800 852 erat
818 808 834 850 a
853 790 957 861 nobis,
982 790 1181 863 sustinebant,
1204 809 1257 853 no·

142 885 266 958 stroque
280 877 408 938 adventu
423 875 563 937 sustineri
575 873 689 936 facilius
703 891 791 953 posse
806 873 989 936 confidimus.
1019 875 1147 946 Tamen,
1158 877 1184 938 si
1199 895 1258 957 quo

141 963 232 1023 etiam
244 959 318 1022 'casu
334 959 445 1022 Isaram
459 976 492 1021 se
503 960 686 1028 traiecerint‚
706 975 743 1020 ne
755 957 836 1036 quod
847 958 1055 1021 detrimentum
1065 959 1257 1040 reipublicae

139 1047 310 1124 iniungant,
336 1061 450 1105 summa
470 1061 488 1104 a
509 1043 595 1104 nobis
616 1041 735 1104 dabitur
754 1060 853 1123 opera
883 1043 943 1105 Vos
963 1061 1104 1122 magnum
1124 1046 1256 1107 animum
1276 1051 1298 1114 5

141 1131 344 1208 optimamque
358 1146 443 1207 spem
458 1127 495 1189 de
514 1145 628 1189 summa
641 1144 674 1189 re
696 1125 812 1207 publica
828 1126 940 1190 babere
959 1126 1107 1199 volumus,
1134 1147 1202 1192 cum
1228 1137 1258 1192 et

140 1231 198 1274 nos
224 1219 254 1274 et
279 1214 426 1274 exercitus
451 1219 570 1274 nostros
591 1209 732 1290 singulari
747 1211 906 1273 concordia
921 1211 1094 1274 coniunctos
1107 1213 1145 1297 ad
1159 1215 1256 1276 omnia

140 1315 198 1376 pro
216 1295 298 1358 vobis
312 1296 433 1358 videatis
448 1303 575 1375 paratos.
608 1295 667 1358 Sed
680 1302 779 1358 tamen
794 1294 919 1358 nibilde
933 1294 1083 1374 diligentia
1102 1301 1256 1360 remittere

141 1379 256 1443 debetis
284 1379 414 1460 dareque
435 1397 570 1460 operam,
600 1389 736 1460 utquam
752 1381 928 1458 paratissimi
945 1390 974 1442 et
988 1379 1025 1440 ab
1040 1383 1175 1444 exercitu
1188 1381 1257 1444 reli·

139 1467 268 1545 quisque
284 1463 375 1526 rebus
387 1481 443 1543 pro
458 1471 554 1525 restra
564 1463 657 1526 salute
674 1471 778 1526 contra
792 1462 1048 1526 sceleratissimam
1063 1467 1257 1545 conspiratio·

140 1567 209 1608 nem
225 1549 354 1610 bostium
375 1547 581 1627 confligamus3
613 1550 665 1628 qui
681 1548 801 1628 quidem
815 1565 866 1609 eas
880 1548 994 1626 copias,
1011 1564 1085 1626 quas
1100 1549 1152 1611 diu
1165 1552 1257 1613 simu·

139 1630 249 1695 latione
264 1634 309 1695 rei
321 1632 454 1712 publicae
469 1631 696 1713 comparabant,
717 1631 816 1694 subito
830 1632 867 1692 ad
879 1633 991 1710 patriae
1005 1632 1171 1713 periculum
1186 1653 1256 1696 con·

140 1724 300 1780 verterunt.

547 1881 728 1947 Enrsronn
742 1879 841 1946 VIII.

397 2023 431 2080 bl.
447 2017 564 2080 CICERO
578 2023 606 2079 lt.
622 2022 730 2080 BRUTO
746 2020 815 2079 COS.
832 2021 901 2080 DES.
917 2021 945 2079 S.
959 2022 989 2078 l).

223 2152 285 2214 Etsi
307 2153 379 2213 mihi
402 2159 471 2214 tuac
492 2149 609 2214 litterae
630 2151 859 2214 iucundissimae
873 2159 957 2223 sunt,
976 2159 1075 2215 tamen
1096 2150 1253 2213 iucundius
1275 2158 1294 2219 1

139 2236 210 2304 luit,
226 2235 306 2315 quod
320 2237 351 2296 in
366 2252 481 2296 summa
497 2237 691 2315 occupatione
705 2245 756 2298 tua
770 2235 1027 2317 Planco'oollegae
1044 2236 1207 2306 mandasti,
1224 2244 1256 2297 ut

139 2327 170 2382 te
185 2317 257 2380 mibi
272 2336 326 2398 per
340 2317 454 2383 litteras
465 2329 636 2391 excusarem
652 2319 732 2401 qnod
741 2320 814 2384 iecit
828 2321 878 2384 ille
890 2319 1052 2401 diligenter.
1073 2321 1145 2384 Mibi
1156 2330 1256 2384 autem

139 2402 212 2464 nibil
227 2402 379 2465 amabilius
393 2404 489 2467 officio
507 2412 560 2468 tuo
575 2412 604 2467 et
618 2404 777 2485 diligentia.
806 2405 979 2469 Coniunctio
992 2414 1043 2468 tua
1058 2424 1126 2467 cum
1141 2404 1256 2483 collega

140 2488 357 2566 concordiaque
372 2497 480 2560 vestra,
497 2506 573 2569 qnae
586 2488 693 2551 litteris
711 2490 919 2552 communibus
933 2489 1081 2553 declarata
1095 2500 1152 2560 est,
1174 2489 1204 2551 S.
1220 2489 1253 2551 P.

139 2572 174 2645 Q.
189 2570 224 2632 R.
240 2575 406 2651 gratissima
421 2572 536 2635 accidit.
573 2571 658 2642 Quod
671 2582 823 2654 superest,
842 2592 950 2655 perge,
965 2578 1008 2636 mi
1021 2575 1129 2643 Brute,
1152 2579 1181 2635 et
1195 2575 1254 2635 iam
1275 2578 1296 2639 2

139 2674 200 2717 non
219 2674 286 2717 cunr
309 2655 387 2727 aliis,
411 2657 462 2719 sed
485 2664 582 2719 tecum
603 2658 667 2736 ipse
689 2665 778 2721 certa.
807 2657 897 2721 Plura
918 2658 1051 2722 scribere
1072 2676 1133 2720 non
1148 2657 1253 2728 debeo,

138 2741 313 2819 praesertim
328 2741 366 2801 ad
380 2748 425 2812 te,
447 2760 505 2822 quo
526 2743 665 2819 magistro
684 2741 835 2806 brevitatis
850 2744 894 2805 uti
909 2745 1015 2821 cogito.
1044 2742 1171 2806 litteras
1188 2750 1255 2805 tuas

139 2824 328 2887 vehementer
343 2834 483 2906 exspecto
498 2831 527 2888 et
538 2826 657 2905 quidem
671 2826 759 2897 tales,
776 2825 879 2905 quales
893 2829 1020 2889 maxime
1031 2835 1111 2908 opto.

138 3107 283 3176 dringtin
296 3108 346 3162 des
359 3108 453 3177 Lager
466 3110 515 3163 des
529 3110 670 3163 Antonius
721 3111 902 3166 VIII.10.1.
932 3110 994 3177 Epo
1014 3112 1125 3179 guidem
1145 3112 1254 3179 proeci-

139 3174 298 3241 gefliaebtet.
311 3175 373 3229 Cic.
386 3183 450 3245 eegt
461 3194 517 3231 von
529 3177 583 3229 ibrn
596 3177 669 3231 Phil.
720 3194 810 3247 wem
828 3184 941 3231 neten.
950 3179 1051 3244 bodasi,
1076 3180 1125 3247 qui
1147 3180 1254 3245 scirem,

138 3241 188 3293 vl.
210 3243 251 3293 ll.
288 3260 360 3310 quoe
384 3252 477 3312 potest
499 3262 557 3297 aere
578 3246 670 3297 maior
720 3262 806 3313 quum
827 3252 950 3314 perotus
969 3246 1006 3298 ab
1025 3248 1150 3298 exercitae
1171 3262 1254 3300 coeca.

132 3310 221 3375 fides,
244 3325 328 3376 quom
343 3312 482 3374 fraudare
502 3313 670 3365 creditores?
720 3314 763 3365 Ab
782 3313 826 3372 ist
848 3312 878 3365 in
903 3313 998 3366 dieser
1015 3312 1203 3379 Verbindnng
1218 3333 1255 3360 :³

139 3377 217 3429 domo
235 3378 409 3457 profugere?
432 3386 547 3447 propter
558 3396 605 3432 aee
616 3380 669 3431 oli·
721 3396 776 3432 von
787 3380 889 3433 Seitcn.
913 3380 953 3432 Et
964 3407 1000 3417 ·-
1011 3395 1064 3446 pace
1080 3379 1127 3431 mr
1143 3386 1170 3432 ct
1182 3408 1215 3418 -
1227 3387 1255 3432 ct

139 3459 220 3496 eoum
230 3460 273 3496 tre
285 3444 324 3496 od
335 3444 437 3496 ormo?
449 3474 481 3483 -
492 3446 527 3497 ln
539 3462 613 3515 apem
625 3462 670 3499 oe·
719 3448 759 3502 ist
771 3446 849 3500 nicbt
861 3446 1080 3501 necbznslrmeu.

138 3509 257 3577 ocrem]
279 3511 326 3563 Sic
346 3511 503 3577 proindetcn
520 3514 670 3581 ibreldoff-
753 3550 851 3600 Em
864 3548 941 3599 vm·
954 3548 1025 3614 (m
1035 3548 1092 3611 43⁸)
1104 3548 1257 3603 DerBrief

138 3580 670 3714 tererestereres,eat}
717 3614 948 3737 ppppvpp
964 3614 1159 3684 sarrae.
1187 3617 1253 3685 vs.

138 3710 309 3782 Allobroges]
324 3713 370 3767 die
382 3714 525 3769 Pollentia
536 3714 670 3769 bewobn·
1002 3766 1009 3779 ,
1111 3766 1118 3780 ,

138 3786 195 3833 ten.
754 3770 779 3819 1.
797 3764 921 3833 Planco]
937 3767 988 3819 der
996 3771 1071 3834 petat
1083 3774 1135 3820 mit
1146 3767 1253 3821 Brutus

171 3850 196 3901 b.
213 3844 309 3915 cruos]
323 3847 429 3902 Brutus
439 3865 503 3969 ηιξ
512 3848 669 3903 besonders
720 3847 884 3917 flumme&
899 3850 970 3915 Ψ·
987 3860 1021 3915 “,·
1044 3834 1145 3917 ΗΜ*
1168 3835 1250 3904 ⁰⁰²³]

139 3930 173 3967 an
196 3912 320 3966 Plancus
342 3915 463 3983 gedam
502 3918 591 3984 aben,
616 3918 668 3971 def
719 3900 1256 3969 Ohnechnielrstcrogemernscheft·

138 3981 182 4035 bia
196 3982 271 4050 jerat
287 3982 359 4034 noch
377 3998 412 4034 a„
430 3984 482 4037 dgr
503 3984 594 4038 &0110
617 3986 668 4039 de,
718 3968 808 4022 liebes
832 3968 989 4023 schreiben
1013 3985 1070 4021 von
1086 3969 1194 4022 Beiden
1216 3985 1253 4022 en

138 4050 258 4103 senato
277 4048 415 4102 rotemero.
430 4052 511 4103 -eo
527 4051 664 4120 aaaron]
720 4037 776 4090 deu
790 4036 880 4089 senae
892 4036 1025 4105 gemeiat.

140 4116 176 4169 So
199 4115 327 4170 schreibt
348 4115 472 4169 Plancus
495 4119 546 4173 111.
571 4122 612 4175 16.
642 4123 670 4172 6.
754 4123 868 4172 everte
900 4119 1060 4184 wetteifern.
1073 4120 1252 4190 -srogistro

140 4180 221 4236 Nune
243 4200 306 4238 curn
329 4182 410 4237 derint
437 4185 609 4252 benignitate
634 4188 668 4239 od
719 4187 866 4239 breuitatie
901 4187 965 4256 Vgl.
979 4185 1252 4241 denihnhflcblnss

140 4252 212 4302 omrai
224 4268 253 4304 re
265 4269 362 4306 eumue
372 4252 541 4321 paratiores.
554 4253 669 4308 Coelius
720 4254 771 4309 des
783 4254 937 4323 folgenden
949 4254 999 4311 ur.
