3000 4650
469 318 605 375 SERVIUS
621 316 785 376 SULPICIUS
800 317 915 376 RUFUS.
1189 312 1250 378 165

134 487 223 567 cipuo
245 483 373 563 quodam
398 481 500 545 dolore
515 483 583 561 angi
603 480 688 544 multi
711 481 747 542 ad
762 499 818 545 nos
838 481 967 560 quotidIe
982 482 1127 544 defernnt.
1164 483 1249 554 Quod

134 587 314 650 quamquam
332 568 452 630 urinime
472 568 565 629 miror
590 573 619 629 et
637 585 738 628 meum
759 564 976 646 quodammodo
995 583 1139 645 agnosco,
1164 567 1249 630 doleo

133 661 278 718 lamento
294 653 434 732 sapientia
449 652 616 731 praeditum
635 668 730 731 prope
747 650 889 728 singulari
903 667 964 711 non
978 652 1036 712 tuis
1056 649 1143 712 bonis
1168 650 1248 713 dele-

135 739 207 802 ctari
219 738 317 818 potius
333 754 421 816 quam
438 735 540 796 alienis
560 735 646 797 malis
660 732 808 797 laborare.
845 735 893 796 ile
913 735 1047 813 quidem,
1068 737 1123 796 etsi
1141 737 1252 796 nemini

135 824 279 894 concedo,
301 823 350 901 qui
371 822 514 882 maiorem
529 839 565 882 ex
581 820 713 899 p'ernIcie
728 827 758 882 et
772 822 856 899 peste
875 819 1071 898 reipublicae
1087 818 1252 882 molestiam

133 909 272 978 traxerit,
286 913 386 967 tamen
402 905 494 967 multa
509 907 568 966 iam
581 903 770 966 consolantur
785 903 972 983 memmeque
987 905 1165 965 consolantia
1180 921 1251 964 con·

133 991 266 1054 siborum
288 1008 434 1052 meorum.
474 989 566 1051 blulto
588 990 666 1050 enim
687 995 756 1049 ante
777 995 927 1066 umquam
951 1006 987 1050 ex
1013 988 1111 1066 aliqua
1132 987 1252 1068 specula

133 1079 274 1157 prospexi
294 1081 500 1153 tempestatem
519 1073 663 1143 loturam,
683 1090 780 1151 neque
799 1071 830 1132 id
852 1071 949 1133 solum
968 1090 1034 1134 mea
1055 1079 1177 1151 sponte,
1199 1072 1252 1134 sed

133 1159 226 1222 multo
242 1161 330 1222 etiam
346 1159 441 1236 magis
452 1166 590 1219 monente
606 1168 635 1218 et
649 1157 887 1218 denuntIantete.
925 1156 988 1217 Etsi
1009 1159 1089 1218 enim
1112 1156 1172 1217 alui
1190 1175 1252 1217 ma·

134 1261 223 1322 gnam
237 1251 352 1322 partem
370 1241 539 1304 consulatus
553 1243 616 1312 tui„
633 1247 731 1302 tamen
757 1246 788 1303 et
812 1239 920 1302 absens
937 1240 1161 1319 cognoscebam,
1177 1259 1253 1321 quae

134 1336 213 1392 esset
226 1335 277 1389 tua
291 1329 322 1388 in
335 1327 394 1387 hoc
407 1325 547 1405 pestifero
563 1324 642 1386 bello
657 1324 787 1387 cavendo
802 1330 832 1386 et
845 1324 1043 1403 praedicendo
1058 1327 1211 1396 sententia,
1224 1332 1253 1386 et

134 1414 198 1492 ipse
214 1411 286 1473 alini
300 1410 405 1491 primis
419 1410 602 1489 temporibus
616 1411 659 1472 tui
674 1408 853 1478 consulatus,
870 1427 939 1470 cum
954 1411 1171 1472 accuratissime
1187 1428 1252 1470 mo·

134 1498 226 1558 nnisti
240 1503 384 1564 senatum,
401 1492 532 1556 coUectis
550 1493 688 1555 omnibus
701 1493 788 1556 bellis
803 1492 943 1564 cisilibus,
958 1502 991 1559 nt
1005 1502 1034 1556 et
1043 1493 1094 1555 illa
1105 1496 1251 1565 timerent,

135 1599 211 1660 quae
231 1581 447 1650 meminissent,
469 1585 498 1640 et
518 1579 642 1646 scirent,
666 1596 735 1639 cum
756 1577 925 1655 superiores
944 1576 1026 1639 nullo
1046 1578 1099 1638 tali
1117 1577 1252 1657 exemplo

134 1672 220 1726 antea
234 1666 264 1725 in
283 1662 449 1743 republica
464 1665 581 1742 cognito
597 1671 658 1724 tam
672 1661 809 1724 crudeles
823 1661 960 1731 luissent,
977 1664 1147 1743 quicunque
1170 1669 1252 1740 post·

136 1768 171 1810 ea
189 1766 254 1810 rem
275 1746 423 1827 publicam
445 1749 641 1827 oppressisset
661 1747 765 1818 armis,
794 1745 887 1807 multo
901 1745 1160 1809 intolerabUIorem
1174 1747 1254 1808 lutu-

134 1851 212 1896 rum.
247 1832 331 1904 Nam,
350 1832 429 1911 quod
445 1831 578 1911 exemplo
595 1831 637 1900 fit,
652 1830 682 1892 id
698 1833 785 1892 etiam
796 1832 861 1893 iure
876 1831 940 1892 fieri
950 1838 1067 1909 putant;
1082 1831 1134 1892 sed
1146 1829 1255 1910 aliquid

135 1924 223 1997 atque
236 1917 310 1978 adeo
321 1915 412 1978 multa
428 1916 539 1978 addunt
555 1922 584 1976 et
594 1915 721 1976 ailerunt
736 1916 773 1977 de
783 1932 847 1976 suo.
873 1913 972 1985 Quare
983 1916 1152 1977 meminisse
1165 1914 1255 1976 debes
1275 1920 1296 1980 2

135 2020 201 2073 eos,
226 2003 277 2080 qui
292 2002 496 2063 auctoritatem
519 2008 548 2061 et
564 1999 719 2061 eonsilium
734 2007 894 2061 tuumnon
907 2002 967 2060 sint
981 2001 1088 2072 secuti,
1109 2017 1163 2062 sna
1178 1999 1252 2060 stul·

134 2088 198 2147 titia
224 2086 382 2155 occidisse,
410 2103 478 2146 cum
504 2090 554 2148 tua
575 2085 732 2165 prudentia
756 2082 828 2146 salvi
852 2101 917 2146 esse
937 2086 1111 2162 potuIssent.
1150 2084 1252 2145 Dices:

134 2170 224 2242 ‘Quid
239 2188 288 2231 me
301 2171 359 2230 ista
382 2187 431 2230 res
452 2166 621 2230 consolatur
642 2169 780 2230 intentis
801 2167 933 2229 tenebrIs
951 2175 980 2230 et
999 2169 1083 2248 quasi
1102 2168 1254 2248 parietinis

135 2257 181 2315 rei
198 2251 335 2333 publicae
341 2254 364 2313 ‘t’
388 2252 440 2314 list
454 2253 575 2313 omnino
588 2253 635 2312 rix
650 2251 840 2313 consolabilis
853 2251 952 2314 dolor:
968 2260 1048 2314 tanta
1063 2260 1107 2314 est
1122 2253 1253 2314 omnium

135 2356 238 2399 rerum
254 2338 371 2397 amissio
389 2344 418 2399 et
431 2337 598 2417 desperatio
612 2337 828 2416 recuperandi:
843 2336 896 2400 sed
909 2346 1009 2400 tamen
1023 2346 1053 2400 et
1067 2338 1174 2401 Caesar
1189 2339 1254 2416 ipse

135 2425 177 2482 ita
193 2422 274 2483 dete
288 2420 398 2482 iudimt
413 2428 443 2483 et
457 2439 561 2484 omnes
576 2424 654 2483 eires
667 2422 709 2482 sic
724 2422 905 2492 existimant,
922 2424 1006 2502 quasi
1018 2421 1119 2484 lumen
1134 2421 1253 2501 aliquod

137 2506 288 2567 exstinctis
311 2507 417 2567 ceteris
437 2504 555 2567 elucere
574 2507 757 2567 sanctitatem
778 2513 808 2568 et
826 2506 1012 2584 prudentiam
1034 2515 1065 2568 et
1084 2507 1254 2585 dignitatem

135 2599 228 2651 tuam.
260 2589 340 2651 Haeo
353 2588 407 2650 tibi
424 2589 461 2650 ad
480 2589 619 2652 levandas
637 2588 787 2652 molestias
805 2608 911 2669 magna
929 2608 994 2652 esse
1012 2590 1129 2651 debent.
1168 2589 1255 2662 Quod

136 2681 235 2737 autem
249 2692 266 2735 a
280 2675 339 2735 tuIs
353 2672 436 2745 abes,
452 2674 483 2736 id
498 2692 534 2736 eo
547 2674 641 2736 levius
655 2674 812 2737 ferendum
829 2683 886 2745 est,
903 2675 984 2754 quod
1001 2675 1105 2737 eodem
1119 2681 1255 2754 tempore

136 2759 267 2821 amultis
282 2765 311 2821 ct
327 2759 441 2838 magnis
462 2758 602 2821 molestiis
618 2758 703 2831 abes;
725 2776 799 2839 quas
813 2760 851 2820 ad
864 2766 894 2822 te
909 2776 1012 2821 omnes
1025 2757 1254 2838 perscriberem,

136 2943 233 2997 Donec
246 2942 295 2995 des
308 2942 548 3012 Birgerlrrieges,
568 2943 619 2997 der
636 2958 668 2995 so
719 2942 799 2996 uicbt
822 2942 877 2996 den
893 2942 988 2994 Brueb
1012 2942 1069 2995 und
1093 2942 1182 2994 demit
1199 2942 1254 2995 den
1356 2931 1364 2949 χ

135 3010 211 3063 viele
229 3010 292 3063 edla
308 3010 411 3063 Krifte
429 3010 491 3063 dem
504 3011 604 3063 Stante
622 3009 669 3062 ffir
718 3009 778 3063 Biir
799 3009 893 3062 erkrie
947 3009 1194 3063 berbeizuiiibren.
1219 3037 1252 3047 —-

135 3078 235 3131 immor
258 3084 369 3145 entzog.
404 3077 485 3131 Anch
507 3077 554 3130 die
576 3078 670 3131 Tren-
718 3026 799 3145 osuiU
813 3076 843 3130 in
859 3026 1153 3130 CiIicien.-eollectia
1166 3076 1255 3155 bellip]

137 3162 215 3213 rung
226 3162 283 3197 ron
295 3145 366 3198 Rom
378 3144 426 3198 fiel
438 3146 495 3197 ihm
508 3143 629 3198 schwer.
720 3145 840 3199 Servius
861 3145 938 3198 hatte
951 3145 998 3197 die
1007 3144 1116 3197 Grinel
1129 3145 1180 3197 der
1193 3146 1255 3197 fru-

173 3216 198 3262 1.
221 3213 372 3280 praecipuo
396 3211 530 3280 quodam]
558 3212 670 3264 Prueea'-
720 3213 808 3266 heren
837 3212 1046 3280 Birgerkriege
1070 3213 1254 3279 geschildert,

136 3294 212 3345 pour
233 3278 328 3330 bildet
344 3279 426 3332 einen
444 3280 594 3333 stenkerca
612 3281 671 3332 Ge·
722 3280 769 3333 die
788 3280 853 3333 sehr
866 3280 941 3333 niele
954 3280 1113 3332 Senatores
1127 3280 1199 3334 noch
1209 3296 1254 3330 er-

138 3350 256 3412 geusatz
280 3361 315 3396 zu
338 3348 501 3411 eommunis,
527 3347 569 3401 els
591 3354 671 3401 sonet
722 3348 784 3401 lebt
794 3347 893 3401 butten
905 3347 989 3415 (quoe
999 3346 1210 3410 meminissent).

137 3412 287 3479 proprius,
312 3412 368 3463 und
391 3413 573 3481 bezeichnet,
604 3415 670 3468 dass
757 3418 781 3469 2.
802 3413 973 3481 meminisse]
995 3413 1086 3465 seriel
1103 3411 1171 3465 wie:
1195 3412 1254 3465 sielr

139 3496 203 3531 rnen
214 3478 314 3531 Etwes
330 3495 381 3530 eor
398 3482 508 3532 eodm
524 3482 671 3534 oceanum
722 3484 769 3534 ires
786 3482 971 3533 Gedciclatnise
988 3480 1191 3547 ariolorum,
1210 3480 1254 3530 be-

138 3547 195 3599 bat.
213 3545 309 3599 Ueber
321 3547 441 3613 quodam
451 3565 473 3599 s.
483 3548 671 3601 z.11.23.2.-
723 3550 840 3602 dmiccc.
856 3577 890 3586 —
901 3549 979 3600 Haec
997 3588 1004 3599 .
1023 3584 1030 3597 .
1047 3565 1149 3614 mopere
1167 3564 1189 3599 e.
1207 3544 1250 3612 d.]

137 3613 245 3679 meum]
267 3614 380 3667 beziebt
397 3614 457 3667 sich
474 3616 527 3668 eui
542 3615 593 3669 dns
605 3632 672 3668 ror·
721 3618 820 3670 Ueber
837 3616 935 3668 diesen
952 3616 1104 3668 Gebraueb
1122 3616 1172 3667 des
1189 3613 1255 3679 adj.

137 3681 315 3748 bergebende
332 3683 427 3734 dolore
443 3682 518 3749 aopi.
536 3698 673 3751 -prope
721 3701 842 3750 mugnus
869 3683 916 3736 fuir
943 3682 1145 3736 verschiedene
1173 3682 1256 3734 deut·

138 3748 673 3885 incrassatorum
721 3751 799 3872 te
1011 3766 1111 3870 aa
1129 3747 1256 3868 nos

139 3884 204 3937 dese
228 3833 329 3936 Cicpero
354 3856 384 3937 ed
408 3885 524 3951 schent,
554 3885 611 3938 ihm
635 3856 671 3938 nd
721 3834 1034 3953 detofdaqadnprdde,
1057 3885 1117 3937 Act.
1141 3884 1191 3937 XI.
1213 3886 1256 3935 15.

140 3950 381 4004 schmeicbeln.-
398 3951 600 4021 denuntiante]
619 3952 670 4006 Als
721 3957 746 4007 2.
769 3973 805 4001 ει
827 3954 1054 4020 deiopeode
1076 3952 1165 4018 Boibe,
1194 3967 1255 4002 mu·
1280 3972 1296 4017 a

139 4018 189 4070 der
214 4017 280 4071 (los.
303 4018 343 4071 M.
362 4018 498 4073 Claudius
515 4020 670 4074 Marcellus
720 4037 778 4089 ono
806 4021 898 4087 ratio,
934 4038 987 4088 pro
1009 4019 1107 4072 Plane.
1128 4019 1151 4071 1.
1178 4022 1204 4070 2.
1220 4038 1256 4063 =

139 4085 158 4138 i.
174 4086 202 4138 J.
224 4090 256 4139 bi
277 4086 314 4139 im
331 4086 437 4140 Sedete
476 4104 547 4155 egen
564 4087 671 4141 Caesar
721 4086 1257 4155 eintriftiperBewepqrund.(Nee·

141 4153 250 4206 anitret
259 4148 302 4220 '(s.
320 4153 400 4207 Einl.
412 4171 437 4207 z.
449 4104 475 4208 U.

487 4155 543 4219 51),
561 4160 671 4208 merulo
740 4154 855 4207 elsbecb
872 4155 939 4208 Stil.
951 4158 976 4219 s.
989 4156 1042 4221 70.)
1067 4155 1255 4206 Uebersetze:

141 4219 202 4271 sein
226 4220 341 4290 college
370 4222 490 4275 Servius
514 4222 671 4291 Sulpicius,
721 4172 1257 4289 IliesmocaDirpewielatovoll=‘con

140 4286 192 4339 der
213 4286 317 4343 (leesor
338 4289 454 4359 giinstig
472 4290 671 4359 gosiuntwer,
723 4307 845 4357 crescens
857 4289 1000 4343 Gewiclrte'
1012 4290 1081 4343 sein.
