3000 4650
201 1093 218 1153 1

238 240 282 306 22
647 250 706 308 LlB.
722 251 740 306 l.
756 250 859 308 EPlSl'.
874 254 958 306 4-6.

154 468 157 474 ,
241 413 368 483 scribas;
390 416 442 474 etsi
459 417 551 494 magis
565 417 623 476 iam
638 433 703 476 rem
718 434 806 496 quam
823 416 935 478 litteras
949 415 1044 476 debeo
1060 422 1242 496 exspectare.
1275 415 1352 477 Cura

242 504 273 558 ut
284 497 379 559 valeas
392 505 420 560 et
434 501 471 560 ita
484 499 537 560 tihi
550 501 737 579 persuadeas,
750 501 821 562 mihi
836 508 864 562 te
877 502 973 562 carius
984 500 1056 561 nihil
1068 518 1133 561 esse
1151 518 1205 562 nec
1222 518 1352 578 unquam

241 583 338 643 luisse.
368 579 446 652 Vale,
464 602 528 645 mea
544 585 691 656 Terentia,
707 605 796 665 quam
812 603 866 663 ego
881 585 979 645 videre
990 585 1090 646 videor
1101 587 1199 664 itaque
1215 584 1351 646 debilitor
1408 622 1410 625 -

241 666 378 728 lacrimis.
408 667 486 730 Vale.
503 669 600 732 Pridie
616 669 763 731 Kalendas
777 668 965 731 decembres.

676 835 856 901 neeman
870 835 913 898 V.

532 960 669 1018 TULLIUS
684 960 710 1016 S.
725 961 755 1017 u.
771 960 954 1018 rununrnln
971 960 1064 1017 SUAE.

328 1091 358 1151 Si
375 1097 407 1151 tu
423 1099 452 1151 et
466 1089 573 1161 Tullia,
592 1091 641 1153 lux
656 1099 772 1160 nostra,
789 1090 903 1162 valetis,
926 1108 981 1168 ego
999 1097 1028 1151 et
1047 1092 1235 1152 suavissimus
1249 1090 1351 1153 Cicero

241 1175 378 1236 valemus.
408 1174 506 1236 Pridie
520 1175 589 1237 ldns
604 1175 748 1238 Octobres
763 1176 892 1237 Athenas
909 1177 1056 1245 venimus,
1076 1194 1144 1236 cnm
1161 1193 1232 1235 sane
1249 1175 1351 1237 adver·

239 1262 278 1321 sis
299 1259 392 1320 ventis
414 1261 458 1320 usi
482 1277 612 1320 essemus
630 1262 773 1340 tardeque
797 1268 825 1322 et
848 1261 1034 1320 incommode
1055 1259 1281 1337 navigassemus.
1309 1261 1351 1321 lle

239 1361 313 1405 nave
333 1343 507 1404 exeuntibus
528 1345 612 1406 nohis
625 1347 746 1407 Acastus
763 1361 836 1406 cum
854 1345 958 1404 litteris
978 1350 1096 1422 praesto
1123 1343 1177 1404 luit
1191 1362 1250 1403 uno
1265 1352 1295 1405 et
1310 1347 1348 1404 vi·

240 1429 348 1489 ceslmo
367 1427 430 1495 die,
454 1445 524 1489 sane
541 1435 671 1491 strenue.
700 1431 808 1508 Accepi
825 1436 891 1490 tuas
906 1427 1034 1499 litteras,
1057 1427 1164 1506 quihus
1176 1427 1307 1490 intellexi
1322 1436 1351 1489 te

240 1513 343 1581 vereri,
363 1529 400 1572 ne
415 1515 583 1590 superiores
599 1515 670 1575 mihi
685 1515 817 1575 redditae
832 1531 891 1574 non
906 1519 1012 1574 essent.
1042 1512 1152 1574 Omnes
1168 1520 1237 1574 sunt
1253 1513 1350 1574 reddi·

239 1605 284 1658 tae
299 1596 577 1676 diligentissimeque
590 1618 607 1659 a
622 1607 650 1659 te
666 1600 830 1678 perscripta
843 1598 955 1665 omnia;
971 1597 1060 1675 idque
1071 1597 1142 1656 mihi
1154 1597 1350 1674 gratissimum

237 1682 300 1742 fuit.
336 1681 437 1760 Neque
453 1699 518 1742 sum
534 1683 694 1744 admiratus
710 1682 785 1742 hanc
802 1681 969 1760 epistolam,
996 1699 1084 1761 quam
1098 1684 1220 1743 Acastus
1245 1681 1349 1750 attulit,

239 1765 358 1828 brevem
378 1767 482 1835 l'uisse;
506 1769 564 1828 iam
586 1768 664 1828 enim
686 1767 849 1844 meipsum
874 1772 1026 1844 exspectas
1048 1767 1109 1827 sive
1124 1768 1282 1845 nosipsos,
1299 1768 1349 1845 qui

240 1851 360 1930 quidem
382 1868 469 1928 quam
493 1852 620 1927 primum
641 1851 676 1912 ad
695 1869 747 1911 vos
762 1852 861 1912 venire
877 1853 1044 1929 cupiamus,
1060 1852 1114 1911 etsi
1133 1853 1163 1910 in
1182 1869 1269 1931 quam
1287 1869 1350 1911 rem

237 1934 384 2011 publicam
409 1936 558 1994 veniamus
579 1934 719 2013 intelligo.
757 1934 886 2013 Cognovi
908 1937 985 1996 enim
1004 1955 1039 1996 ex
1060 1934 1220 1996 multorum
1242 1936 1350 1996 arnico·

235 2037 302 2080 rum
317 2019 435 2086 litteris,
459 2037 531 2096 quas
553 2017 647 2079 attulit
664 2023 800 2089 Acastus,
823 2020 859 2080 ad
877 2038 958 2080 arma
972 2038 1037 2081 rem
1052 2025 1199 2098 spectare,
1220 2026 1252 2080 ut
1269 2020 1348 2089 mihi,

237 2121 304 2164 cum
320 2120 443 2172 venero,
467 2103 651 2166 dissimulare
667 2122 726 2166 non
742 2104 843 2174 liceat,
865 2106 934 2182 quid
951 2106 1085 2164 sentiam.
1121 2103 1195 2172 Sed,
1211 2106 1350 2183 quoniam

237 2187 390 2248 subeunda
407 2187 524 2249 iortuna
540 2195 598 2257 est,
616 2208 650 2250 eo
669 2192 754 2251 citius
768 2190 904 2250 dabimus
920 2207 1050 2266 operam,
1066 2194 1099 2248 ut
1112 2189 1272 2257 veniamus,
1290 2207 1349 2268 quo

239 2270 351 2332 lacilius
372 2271 409 2331 de
431 2279 491 2333 tota
507 2291 541 2334 re
555 2271 762 2337 deliberemus.
792 2274 836 2335 Tu
852 2273 951 2342 velim,
974 2273 1052 2353 quod
1071 2273 1225 2334 commodo
1239 2272 1349 2335 veletu-

135 2417 137 2419 ,
237 2355 313 2416 dinis
335 2363 403 2417 tuae
426 2357 490 2427 liat,
521 2376 609 2437 quem
631 2359 799 2439 longissime
819 2360 945 2437 poteris,
969 2359 1084 2419 obviam
1106 2357 1191 2418 nobis
1213 2359 1347 2437 prodeas

235 2540 288 2591 mel
302 2557 333 2592 er
347 2539 417 2592 euch
430 2548 510 2593 sonat
522 2542 615 2608 lrlegi,
633 2542 698 2594 dass
717 2542 766 2595 des
817 2559 848 2593 se
860 2540 1106 2607 Eingangslormel
1123 2540 1152 2592 in
1166 2540 1219 2593 den
1232 2541 1348 2593 Briefen

233 2607 330 2661 beben
342 2608 397 2661 ihm
410 2608 473 2661 eine
486 2610 555 2662 Lesb
571 2609 622 2662 sei.
636 2638 668 2647 —
678 2611 767 2676 mapio
819 2626 853 2661 an
867 2610 1005 2661 Terentia
1018 2626 1072 2659 von
1088 2609 1162 2675 jetzt
1178 2624 1213 2659 en
1232 2608 1347 2660 hervor-

238 2676 296 2727 iarn
306 2674 371 2742 rem]
381 2676 491 2727 ohwohl
502 2676 769 2743 dieEutecheidung
818 2676 897 2741 tritt,
910 2676 950 2727 ist
962 2674 1220 2736 chorukteristisch.
1237 2703 1271 2713 -
1283 2692 1349 2726 ena-

233 2742 283 2795 det
300 2742 399 2811 Dioge
419 2760 450 2793 so
471 2743 541 2796 nahe
563 2744 613 2808 ist,
636 2745 701 2796 dees
723 2745 767 2795 ich
818 2743 948 2793 eiecimus
961 2741 1065 2807 Cicero]
1077 2740 1178 2800 Cicero
1196 2740 1273 2794 hatte
1292 2742 1348 2795 sei-

234 2809 309 2861 mehr
322 2809 512 2874 disseminet,
524 2810 565 2862 als
576 2811 766 2863 Nachrichten
820 2827 871 2861 nen
880 2810 956 2860 Sohn
965 2808 1012 2860 hei
1022 2808 1090 2860 sich.
1100 2837 1132 2846 —
1142 2808 1195 2860 Die
1206 2808 1349 2862 unmittel-

234 2876 303 2929 dher
321 2877 375 2929 den
389 2878 472 2943 Gang
489 2877 538 2929 der
552 2878 643 2944 Dinge
660 2896 767 2930 eriver-
818 2877 887 2929 here
911 2875 1098 2942 Verbindung
1121 2876 1257 2928 lobender
1281 2878 1349 2929 oder

232 2952 279 2997 ten
299 2961 384 2997 muse.
408 2944 471 3011 Vgl.
489 2946 510 2999 l.
525 2951 549 2998 3.
562 2949 587 2996 6.
612 2946 702 2997 brevio
719 2963 765 2997 ecc-
816 2943 965 2996 tadelnder
988 2942 1134 2996 Attribute
1157 2943 1208 2997 mit
1230 2946 1348 3012 persiin-

231 3014 365 3079 spectatio
377 3019 426 3064 eci.
814 3010 907 3063 lichen
930 3010 1123 3079 Eigennamen
1152 3012 1242 3063 findet
1269 3023 1349 3065 sonst

816 3078 894 3129 nicht
914 3085 997 3143 stati,
1020 3079 1142 3130 sondern
1161 3079 1207 3132 die
1226 3079 1347 3131 Verbin-

253 3130 396 3210 ,ΕΡῙΒΤ-Ϋ·
404 3129 474 3192 (704·
482 3129 535 3193 50·)
543 3129 644 3209 019010
652 3128 763 3210 {chileb
816 3146 892 3212 dung
902 3145 974 3197 wird
984 3146 1073 3197 durch
1082 3146 1137 3211 vir,
1148 3147 1238 3212 homo,
1249 3147 1348 3200 mulier

232 3197 328 3247 diesen
338 3195 422 3247 Brref
429 3197 480 3247 aul
488 3197 538 3249 der
548 3198 702 3249 Ruclrreise
713 3214 763 3248 aas
816 3230 842 3266 u,
855 3230 881 3265 a,
893 3213 1060 3266 vermittept,
1083 3213 1116 3266 [ῃ
1127 3214 1177 3265 der
1188 3214 1347 3266 famffigren

232 3261 352 3343 Ciliclffl}
370 3263 400 3315 5¹¹
413 3261 503 3315 Alhess
517 3282 560 3317 ³¹¹¹
572 3268 615 3345 ,15·
628 3265 762 3315 0⁰l⁰b⁰¹'·
814 3280 940 3347 Sprache
949 3281 1349 3348 findet'sichdieVerhindung

230 3331 763 3411 TerentqewerdemelsrnRom,he·
813 3349 916 3415 hfiufig,
947 3349 1024 3400 pam,
1042 3349 1135 3401 xmp,
1155 3354 1179 3400 7,
1199 3354 1223 3401 3,
1254 3350 1347 3400 opem

231 3398 400 3465 ³b⁸¹⁰l¹l¹ssl⁰
418 3400 485 3451 abes
498 3400 558 3452 *lem
570 3399 763 3452 helssskelll'ess·
814 3416 979 3468 bellissimus
995 3417 1046 3467 titi
1064 3418 1182 3468 salutem
1196 3417 1348 3483 plurimum

231 3465 285 3517 <¹0¹¹
299 3466 404 3519 (ἱππεῦ
418 3473 555 3535 entgegen
569 3484 604 3521 zu
617 3468 717 3535 gehen.
814 3483 890 3535 erati.
912 3482 971 3535 act.
986 3484 1035 3534 vr.
1047 3487 1072 3537 2.
1083 3487 1108 3535 e.
1130 3483 1286 3535 uetustam
1298 3485 1347 3534 Ae-

265 3552 287 3602 1.
307 3548 331 3599 si
344 3585 351 3601 .
365 3589 371 3599 .
386 3590 393 3605 .
412 3552 521 3619 valetis]
541 3552 676 3621 ergiinze:
696 3553 764 3603 bene
813 3552 873 3603 tice.
883 3580 916 3589 —
926 3553 1046 3602 Acastus
1070 3551 1115 3603 ein
1126 3551 1236 3603 Sclave.
1248 3579 1280 3588 -
1290 3568 1346 3602 uno

230 3623 282 3679 eet,
297 3634 354 3669 was
367 3618 396 3669 in
410 3618 700 3700 dieserVerhindung
713 3619 764 3670 der
814 3626 840 3670 et
856 3619 983 3670 vicesimo
1000 3619 1044 3669 die
1075 3620 1146 3669 nach
1164 3619 1215 3670 der
1227 3618 1346 3671 Abreise

230 3684 323 3735 Kiirae
337 3702 435 3751 wegen
447 3687 540 3753 hiiulig
558 3688 637 3739 fehlt.
663 3686 764 3738 Dreser
814 3687 1039 3738 voullom.Fam.
1049 3686 1125 3737 XVI.
1135 3689 1176 3735 21.
1190 3686 1347 3753 gebraucht

229 3750 362 3818 Eingeng
379 3753 469 3806 findet
485 3755 544 3807 sich
562 3754 695 3822 librigens
715 3770 762 3820 ge·
815 3754 866 3806 der
879 3755 949 3806 Bote
967 3770 1021 3805 von
1035 3753 1103 3804 Rom
1122 3753 1192 3804 nach
1206 3753 1295 3805 Athen
1312 3757 1345 3803 46

229 3818 366 3870 wiihnlich
375 3820 483 3873 nichtin
492 3823 544 3874 den
552 3821 764 3875 vertranlichen
814 3822 907 3887 Tage,
921 3838 979 3873 was
990 3819 1031 3871 als
1041 3820 1105 3871 sehr
1115 3820 1170 3872 viel
1182 3822 1347 3873 bezeichnet

219 3885 286 3949 pund
301 3886 503 3951 genilithlichen
517 3890 647 3953 Brlelen3
667 3890 694 3942 iu
709 3889 764 3940 den
816 3887 896 3941 wird.
916 3918 946 3925 -
965 3886 1155 3955 quiquidem]
1181 3890 1218 3939 da
1236 3889 1286 3939 wir
1299 3890 1345 3953 ja.

215 3976 222 4127 l

218 3950 344 4005 'Brielen
358 3971 393 4005 an
411 3955 523 4009 Atticus
540 3958 644 4010 kommt
660 3974 692 4010 er
711 3972 764 4008 nur
812 3956 926 4007 Addere
938 3954 1016 4007 lesen
1028 3956 1201 4021 cupimus.-
1212 3957 1278 4007 dioc.
1289 3972 1346 4007 non

228 4018 329 4072 einmal
349 4038 413 4084 vor,
438 4023 465 4074 in
490 4025 581 4077 denen
598 4044 632 4077 en
651 4024 762 4076 Trebe—
814 4023 911 4089 liceat]
933 4022 996 4073 weil
1018 4022 1063 4075 die
1084 4023 1160 4089 Lege
1181 4023 1232 4075 der
1253 4023 1345 4088 Dinge

226 4087 284 4139 tius
307 4088 367 4147 niet
393 4091 463 4157 dege
485 4110 517 4143 en
540 4094 630 4145 findet
650 4110 681 4145 er
703 4091 762 4144 sich
813 4106 873 4142 enm
892 4090 997 4157 Kriege
1016 4090 1072 4142 und
1095 4091 1184 4142 demit
1204 4106 1255 4141 zur
1273 4092 1344 4142 Ent-

227 4155 379 4223 dnrchweg
407 4158 435 4209 in
466 4108 518 4211 den
544 4162 699 4214 Schreihen
726 4176 763 4211 an
812 4158 968 4225 scheidung
989 4158 1119 4225 dringte.
1140 4186 1172 4195 -
1193 4159 1289 4226 quod.
1310 4194 1343 4209 ..

227 4223 428 4279 lernstehcnde
441 4227 594 4281 Pereonen.
613 4231 687 4282 Dese
699 4228 758 4282 die·
805 4224 879 4293 siut]
895 4226 944 4279 des
957 4225 1199 4277 einschrinlrende
1211 4228 1285 4293 quod
1295 4224 1346 4277 mit
