3000 4650
552 258 584 313 n.
600 256 736 316 roncrus
749 256 845 313 cero.
961 331 964 336 .
1195 249 1256 316 107

141 424 258 485 firmam
269 430 431 483 manumet
444 421 686 501 equitatum'sane
700 421 838 483 idoneum
855 428 884 481 et
899 420 1076 500 populorum
1091 420 1255 483 liberorum

142 524 306 586 regumque
318 508 466 567 sociorum
478 505 584 568 auxilia
595 503 759 566 voluntaria
771 506 1027 585 comparavissem.
1040 505 1163 567 Interim
1175 524 1251 575 cum,

143 592 273 654 exercitu
291 590 428 660 lustrato,
446 592 502 651 iter
518 590 548 650 in
560 588 688 650 Ciliciam
706 589 804 650 iacere
819 589 995 668 coepissem,
1008 569 1071 650 ilat
1084 589 1252 669 Septembr.

141 674 229 753 legati
243 694 260 736 a
277 693 347 754 rege
359 676 553 753 Commageno
566 674 604 734 ad
618 692 666 735 me
683 675 766 734 missi
779 672 1028 752 pertumultuose,
1044 692 1140 752 neque
1153 681 1252 736 tamen

141 778 202 820 non
221 778 303 829 vere,
326 760 451 820 Parthos
470 761 502 818 in
517 758 630 837 Syriam
650 757 791 819 transisse
811 759 1027 818 nuntiaverunt.
1074 758 1138 829 Quo
1151 758 1250 820 audito
1272 767 1293 827 4

142 844 332 906 vehementer
348 862 413 905 sum
432 852 596 904 commotus
613 861 680 903 cnm
696 842 733 903 de
748 843 850 921 Syria,
872 849 935 902 turn
957 842 994 902 de
1014 860 1079 903 mea
1093 843 1251 919 provincia,

141 929 178 989 de
197 928 310 1007 reliqua
330 929 456 1006 denique
477 928 553 988 Asia.
598 926 699 1005 ltaque
730 928 890 986 exercitum
916 926 988 987 mibi
1008 926 1175 987 ducendum
1197 945 1252 1004 per

142 1012 345 1093 Cappadociae
357 1014 510 1090 regionem
522 1029 601 1081 eam,
617 1028 693 1089 quae
710 1009 839 1071 Ciliciam
855 1011 1025 1088 attingeret,
1041 1012 1148 1090 putavi.
1177 1011 1253 1073 Nam

141 1098 166 1156 si
181 1116 229 1159 me
244 1099 276 1156 in
285 1096 416 1162 Ciliciam
432 1096 629 1165 demisissem,
641 1093 771 1155 Ciliciam
787 1095 906 1173 quidem
920 1096 1014 1173 ipsam
1028 1101 1152 1175 propter
1166 1112 1251 1155 mon·

140 1182 297 1243 tisrlmani
315 1188 451 1241 naturam
466 1178 550 1240 facile
566 1181 723 1240 tenuissem
740 1213 776 1223 -
794 1179 852 1239 duo
867 1186 937 1238 sunt
952 1180 1032 1239 enim
1048 1180 1143 1240 aditus
1158 1180 1189 1239 in
1205 1180 1251 1241 Ci·
1304 1245 1306 1249 ,
1402 1185 1404 1187 ’

140 1264 239 1326 liciam
251 1284 287 1326 ex
299 1265 399 1345 Syria,
417 1282 542 1343 quorum
552 1272 677 1342 uterque
688 1259 789 1341 parnis
795 1263 949 1342 praesidiis
965 1271 1088 1341 propter
1102 1265 1252 1342 angustias

48 1400 52 1406 .
140 1348 296 1410 intercludi
310 1354 421 1426 potest,
443 1366 498 1409 nec
513 1355 557 1409 est
572 1348 731 1426 quidquam
745 1346 842 1408 Cilicia
858 1354 961 1407 contra
976 1348 1091 1427 Syriam
1112 1349 1252 1409 munitius

63 1453 66 1462 ·
139 1452 197 1501 -;
210 1433 262 1494 sed
276 1451 324 1494 me
336 1431 519 1512 Cappadocia
530 1431 680 1502 movebat,
699 1449 775 1511 quae
789 1438 869 1509 patet
882 1449 899 1491 a
911 1431 994 1511 Syria
1008 1449 1152 1510 regesque
1162 1431 1253 1493 habet

139 1517 294 1587 finitimos,
316 1518 381 1596 qui,
404 1518 518 1578 etiamsi
537 1523 606 1577 sunt
621 1517 708 1577 etiam
724 1517 811 1576 amici
826 1514 927 1583 nobis,
950 1523 1047 1576 tamen
1063 1522 1164 1593 aperte
1178 1517 1251 1578 Par-

140 1601 198 1662 this
217 1602 328 1661 inimici
351 1618 414 1661 esse
434 1618 494 1660 non
514 1600 633 1661 audent.
662 1599 765 1679 ltaque
785 1601 815 1659 in
836 1600 1020 1679 Cappadocia
1041 1608 1171 1660 extrema
1190 1618 1251 1660 non

139 1683 227 1762 longe
245 1703 262 1745 a
277 1685 374 1746 Tauro
398 1685 476 1763 apud
495 1685 635 1764 oppidum
652 1682 784 1764 Cybistra
808 1688 904 1744 castra
924 1684 995 1750 leci,
1018 1689 1051 1743 ut
1071 1691 1101 1744 et
1121 1682 1251 1745 Ciliciam

138 1778 241 1830 tuerer
256 1775 284 1829 et
296 1770 510 1848 Cappadociam
525 1777 630 1830 tenens
644 1786 720 1829 nova
730 1769 920 1829 finitimorum
933 1766 1054 1828 consilia
1064 1767 1249 1846 impedirem.

138 1853 253 1915 Interea
270 1854 300 1913 in
314 1852 372 1914 hoc
387 1860 466 1914 tanto
482 1859 564 1914 motu
579 1859 719 1933 tantaque
736 1853 954 1932 exspectatione
967 1852 1087 1911 maximi
1105 1850 1175 1913 belli
1194 1870 1248 1913 rex
1270 1861 1289 1921 5

137 1937 309 2007 DeiotaruS,
333 1939 379 1998 cui
401 1955 460 1997 non
485 1939 549 1998 sine
564 1956 652 1998 causa
669 1937 829 2015 plurimum
845 1953 963 2015 semper
979 1943 1008 1997 et
1023 1954 1090 1997 meo
1108 1944 1137 1997 et
1150 1943 1201 1996 tuo
1222 1944 1251 1997 et

140 2028 259 2082 senatus
274 2021 383 2082 iudicio
396 2022 541 2083 tributum
556 2030 615 2091 est,
633 2023 676 2082 vir
697 2040 765 2082 cum
779 2019 983 2081 benevolentia
997 2028 1026 2081 et
1039 2020 1096 2081 tide
1111 2037 1181 2098 erga
1196 2037 1250 2098 po·

138 2102 242 2185 pulum
257 2105 424 2167 Romanum
438 2105 593 2183 singulari,
612 2112 676 2167 tum
699 2105 881 2184 praesentia,
902 2105 1102 2181 magnitudine
1117 2111 1147 2164 et
1161 2106 1250 2166 animi

140 2196 170 2252 ct
185 2188 310 2261 consilii,
326 2189 438 2267 legatos
453 2191 490 2250 ad
506 2208 554 2251 me
567 2191 661 2260 misit,
678 2208 710 2250 se
730 2207 799 2250 cum
814 2187 951 2249 omnibus
966 2189 1026 2249 suis
1037 2188 1129 2266 copiis
1139 2189 1169 2248 in
1183 2207 1250 2249 mea

139 2282 235 2335 castra
249 2291 315 2336 esse
336 2281 502 2336 venturum.
536 2273 624 2336 Cuius
647 2292 702 2353 ego
723 2273 819 2335 studio
840 2273 995 2352 cilicioque
1017 2279 1181 2335 commotus
1201 2274 1249 2353 egi

140 2361 167 2418 ei
190 2376 244 2435 per
264 2358 377 2419 litteras
398 2361 524 2437 gratias,
541 2359 632 2438 idque
652 2367 685 2418 ut
704 2365 880 2431 maturaret,
905 2358 1038 2429 hortatus
1052 2376 1128 2419 sum.
1174 2357 1247 2420 Cum
1268 2363 1289 2425 6

139 2449 237 2502 autem
249 2441 286 2501 ad
296 2440 430 2521 Cybistra
441 2451 562 2522 propter
573 2445 718 2503 rationem
729 2442 799 2503 belli
818 2443 947 2521 quinque
963 2442 1025 2502 dies
1040 2459 1136 2503 essem
1150 2460 1249 2502 mora·

136 2533 201 2610 tus,
214 2542 319 2602 regem
332 2525 574 2597 Ariobarzanem,
598 2528 681 2589 cuius
694 2525 818 2588 salutem
833 2545 851 2586 a
866 2534 969 2588 senatu
982 2533 1011 2587 te
1029 2533 1150 2588 auctore
1168 2545 1249 2588 com-

137 2609 307 2670 mendatam
326 2609 487 2681 habebam,
511 2611 715 2691 praesentibus
735 2611 848 2672 insidiis
870 2611 1095 2690 necopinantem
1117 2610 1248 2681 liberavi,

137 2809 668 2930 rppetfimtntmgpennjsserKdnigAntilo-
718 2811 783 2929 gelu
797 2811 858 2892 lain.
882 2810 983 2928 (liictero
997 2774 1249 2929 mpintibdasfesktle

137 2893 668 3024 tt}at:ttaetttttlttttl
718 2894 1083 3011 ,ttttttttttttt
1098 2895 1248 2998 ,tutte

136 3028 204 3063 men
227 3011 382 3093 gelegenen
405 3014 523 3080 Gegend
542 3014 668 3092 Comma·
719 3013 778 3093 Opp
801 3012 920 3093 adocien
953 3013 1002 3063 des
1033 3012 1169 3065 Schutzes
1197 3013 1249 3065 be·

137 3095 221 3146 gene,
236 3080 348 3132 d1e1hm
362 3080 571 3162 (lnPompejus
584 3082 667 3133 uber·
719 3082 772 3132 dur
787 3098 811 3132 e.
824 3107 857 3161 7
869 3079 968 3146 ettam]
982 3080 1061 3131 nacla.
1265 3114 1268 3119 ,

137 3148 237 3212 geben.
253 3172 288 3186 ·-
304 3146 443 3216 Parthos]
463 3149 516 3200 D1e
530 3149 667 3200 Unruhen
752 3152 777 3200 b.
801 3146 971 3214 Deacturus]
990 3147 1041 3198 der
1059 3146 1249 3199 Beh‘errscher

134 3213 175 3267 im
188 3213 293 3264 Inuern
311 3215 360 3267 des
372 3216 491 3268 Reicbes
523 3217 595 3268 aben
613 3216 668 3267 den
719 3215 916 3267 vonGalatien
928 3215 1006 3267 hatte
1020 3231 1076 3265 von
1090 3215 1150 3266 dem
1164 3215 1249 3266 rdmi-

138 3279 277 3331 iusseren
306 3281 434 3334 Feinden
469 3232 667 3350 Gefiegenheit,
718 3282 803 3334 seben
822 3283 936 3334 'senate
966 3281 1021 3333 den
1050 3281 1248 3334 Ehrennamen
1300 3314 1301 3317 =

140 3346 188 3398 die
205 3346 487 3402 Grenz-Provinzen
504 3352 668 3417 ungestraft
719 3351 824 3402 amicus
836 3351 867 3401 P.
881 3349 919 3400 R.
931 3350 1115 3416 empfangen,
1133 3348 1199 3401 weil
1216 3365 1248 3400 er

138 3429 173 3465 zu
196 3412 402 3482 beunrubigen.
438 3417 475 3468 So
500 3434 595 3470 waren
622 3418 668 3469 die
717 3417 748 3469 in
761 3418 814 3469 den
827 3416 962 3468 frriheren
972 3416 1149 3467 Asiatiscben
1161 3414 1247 3468 Krie-

137 3480 259 3533 Partber
282 3482 338 3534 seit
360 3483 410 3534 der
427 3483 600 3552 Niederlege
617 3485 667 3536 des
718 3501 773 3553 gen
785 3501 821 3536 zu
834 3484 888 3536 den
900 3483 1023 3535 Rdmern
1054 3482 1175 3535 ehalten.

138 3548 260 3600 Crassus
272 3553 305 3602 53
317 3549 424 3602 luibner
436 3553 596 3617 gemunden,
609 3552 668 3604 und
752 3555 774 3603 6.
806 3501 1054 3617 Ανίοὒαηαηιιηῗ
1070 3550 1164 3617 Kdnig
1192 3567 1247 3603 von

138 3615 226 3668 sebon
250 3617 302 3668 auf
317 3618 368 3669 der
386 3617 471 3671 Reise
490 3618 601 3670 sehrieb
620 3618 667 3670 ei·
718 3618 929 3688 Cappadocien.
954 3617 1124 3670 SeinVater
1136 3634 1196 3670 war
1208 3617 1246 3669 im

103 3732 107 3745 ,
138 3699 207 3735 cero
232 3700 268 3735 an
286 3682 399 3738 Atticus
418 3684 463 3751 (V.
480 3684 519 3747 9.)
541 3686 667 3738 Parthus
717 3687 745 3739 J.
758 3690 790 3738 66
802 3704 858 3739 von
869 3686 1020 3754 Pompejus
1034 3684 1105 3736 nach
1117 3685 1179 3738 dem
1191 3685 1248 3737 Mi-

136 3751 218 3802 velim
235 3751 367 3818 quiescat.
397 3753 458 3805 Den
475 3751 668 3813 Einfallder-
718 3754 923 3807 thridctischen
949 3753 1054 3819 Kriege
1081 3752 1189 3804 wieder
1216 3752 1246 3804 in

139 3818 240 3870 selben
257 3818 295 3870 im
312 3819 338 3871 J.
357 3824 389 3872 51
408 3820 504 3872 fiihrte
522 3821 572 3873 der
591 3821 668 3873 Sohn
718 3822 798 3874 seine
814 3820 985 3874 Herrscltaft
1000 3820 1158 3887 eingesetzt
1173 3838 1247 3874 wor-

137 3886 187 3938 des
200 3886 383 3955 parthischen
394 3887 516 3955 Kiinigs‚
529 3888 666 3954 Pacorus,
718 3889 783 3942 den.
806 3888 1245 3942 DenUnterthanenwarerver-

138 3953 189 4005 der
213 3953 332 4006 Gemahl
355 3954 406 4007 der
430 3956 591 4009 Scbwester
616 3956 666 4010 des
718 3956 812 4022 hasst,
825 3955 892 4007 weil
906 3955 947 4006 sie
959 3955 989 4005 in
1001 3954 1057 4005 ihm
1070 3971 1124 4006 nur
1136 3955 1183 4007 ein
1196 3972 1246 4022 ge-

137 4019 244 4088 Kdnigs
258 4037 314 4074 von
327 4022 487 4077 Armenien.
718 4022 830 4091 frigiges
842 4023 1004 4140 Werkzeug
1016 4020 1066 4073 der
1079 4022 1180 4082 Romen
1199 4040 1246 4074 sa-

717 4090 780 4142 hen.
803 4091 845 4142 Er
857 4090 934 4142 hatte
946 4088 992 4140 vie
1006 4106 1021 4141 e
1033 4089 1176 4141 Schulden
1189 4091 1246 4142 und

171 4156 196 4205 4.
213 4153 332 4225 Amani]
349 4158 408 4209 Der
420 4156 544 4211 Amanus
557 4158 666 4212 bildete
717 4174 753 4209 au
765 4156 1046 4223 seinenGldnbigern
1057 4156 1246 4223 gehb‘rteaus-

140 4219 186 4271 die
198 4221 354 4290 Ostgrenze
365 4225 501 4278 Ciliciens
515 4227 665 4294 gegenSy-
717 4242 765 4277 ser
782 4225 891 4279 andern
903 4224 970 4276 rom.
983 4225 1109 4276 Grossen
1122 4223 1193 4276 anob
1205 4223 1245 4274 Μ.
