3000 4650
200 215 262 278 100
592 220 653 276 Lm.
669 220 699 276 ΙΙ.
716 220 818 278 trist.
836 224 877 276 ao.
893 225 935 282 ιι,

199 386 323 461 ducere,
344 385 499 448 visurusne
515 403 563 448 me
579 387 619 446 sis
632 385 663 446 in
679 387 845 464 provincia,
865 403 899 446 ea
915 403 965 446 res
980 387 1021 445 sic
1037 404 1069 449 se
1090 385 1193 447 babet:
1213 385 1312 446 Brun-

200 471 267 532 disii
281 487 348 531 cum
363 468 502 549 loquerer
517 488 585 531 oum
596 469 708 531 Phania
722 469 830 531 liberto
848 475 915 540 tuo,
931 471 998 532 veui
1013 471 1044 529 in
1060 488 1127 532 eum
1138 487 1312 543 sermonem,

198 561 233 615 ut
250 554 381 616 dicerem
404 572 453 614 me
471 552 599 615 libenter
620 554 658 615 ad
679 573 745 616 eam
766 561 881 633 partem
905 555 1074 632 provinciae
1098 557 1225 631 primum
1246 572 1312 616 esse

198 647 370 708 venturum,
392 657 451 717 uuo
472 645 501 699 te
523 639 650 700 maxime
672 637 746 700 velle
767 638 938 701 arbitrarer.
968 638 1052 699 Tunc
1074 639 1145 700 mibi
1165 638 1311 710 illedixit,

199 723 279 802 quod
294 724 388 785 classe
406 730 438 783 tu
459 721 550 784 velles
569 722 731 792 decedere,
756 741 811 800 per
832 724 898 784 fore
919 723 1173 784 accommodatum
1194 723 1262 794 tibi,
1286 725 1313 782 si

199 807 239 870 ad
252 807 334 870 illam
352 808 530 872 maritimam
551 814 666 886 partem
687 808 856 885 provinciae
877 809 1000 868 naubus
1022 809 1220 870 accessissem.
1247 807 1312 868 Dixi
1394 881 1397 886 ,

198 910 248 954 me
269 911 335 954 esse
354 893 516 961 iacturum
542 893 641 970 itaque
661 892 813 960 iecissem,
834 892 891 952 nisi
914 891 988 953 mibi
1010 891 1044 952 L.
1067 891 1185 952 Clodius
1211 899 1311 954 noster

200 979 347 1056 Corcyrae
360 977 481 1038 dixisset
495 976 615 1039 minime
629 976 658 1038 id
675 993 739 1037 esse
753 976 935 1038 iaciendum:
955 984 986 1038 te
1005 975 1167 1038 Laodiceae
1188 977 1253 1038 iore
1274 976 1310 1037 ad

199 1079 299 1123 meum
319 1061 485 1123 adventum.
519 1061 591 1122 Erat
611 1061 642 1122 id
661 1060 735 1121 milri
757 1059 849 1122 multo
868 1059 987 1122 breuius
1007 1060 1158 1140 multoque
1181 1079 1311 1122 commo-

159 1143 181 1205 4
202 1145 284 1217 dius,
303 1164 372 1208 cum
392 1145 567 1222 praesertim
589 1151 619 1205 te
640 1146 679 1204 ita
707 1143 795 1205 malle
816 1144 986 1208 arbitrarer.
1030 1146 1094 1207 Tua
1113 1147 1188 1206 ratio
1208 1154 1310 1224 postea

199 1236 244 1291 est
263 1237 450 1290 commutata.
482 1228 566 1290 Nunc
587 1229 658 1307 quid
682 1229 747 1290 lieri
767 1231 875 1306 possit,
899 1239 930 1290 tu
951 1229 1086 1291 facillime
1108 1237 1233 1299 statues;
1256 1247 1310 1308 ego

197 1314 250 1374 tibi
267 1332 365 1375 meum
381 1312 533 1374 consilium
550 1330 704 1391 exponam.
744 1313 860 1374 Priedie
875 1313 1020 1374 Kalendas
1036 1313 1160 1376 Sextiles
1174 1320 1245 1394 puto
1263 1332 1310 1374 me

199 1398 360 1459 Laodiceae
378 1399 458 1466 iore;
473 1405 639 1476 perpaucos
657 1396 820 1468 dies,‘dum
835 1399 960 1476 pecunia
976 1401 1136 1476 accipitur,
1153 1398 1311 1476 quaemihi

199 1502 236 1543 ex
248 1481 366 1561 publica
380 1483 596 1562 permutatione
607 1481 745 1551 debetur,
762 1481 980 1544 commorabor.
1011 1483 1122 1544 Deinde
1135 1484 1191 1544 iter
1206 1483 1325 1544 faciam,

199 1566 236 1627 ad
252 1569 429 1638 exercitum,
452 1572 487 1627 ut
500 1567 617 1627 circiter
632 1567 702 1627 Idus
717 1565 841 1628 Sextiles
857 1573 958 1645 putem
972 1585 1020 1627 me
1035 1567 1071 1626 ad
1087 1567 1216 1628 iconium
1236 1566 1310 1635 lore.

118 1693 122 1700 ,
199 1650 258 1711 Sed
273 1653 298 1712 si
313 1632 384 1730 quid
398 1668 479 1712 nunc
490 1669 538 1712 me
553 1649 627 1710 fallit
640 1651 672 1710 in
691 1650 849 1712 scribendo
864 1685 907 1697 ·-
925 1650 1029 1728 procul
1044 1652 1122 1711 enim
1138 1651 1258 1712 aberam
1273 1651 1309 1712 ab

198 1753 233 1796 re
251 1737 317 1815 ipsa
338 1743 368 1796 et
388 1754 405 1795 a
425 1734 498 1796 locis
518 1770 566 1805 -,
582 1734 669 1796 simul
684 1753 718 1794 ac
733 1734 875 1812 progredi
890 1753 1033 1814 coepero,
1049 1752 1138 1812 quam
1156 1735 1310 1798 celerrime

197 1825 303 1899 potero
319 1827 350 1880 et
368 1837 458 1899 quam
472 1818 662 1881 creberrimis
674 1817 778 1881 litteris
793 1821 916 1894 faciam,
937 1827 970 1881 ut
993 1820 1045 1881 tibi
1067 1828 1136 1880 nota
1157 1823 1195 1882 sit
1215 1821 1310 1884 omnis

197 1905 274 1966 ratio
295 1904 411 1965 dierum
432 1910 520 1983 atque
538 1903 678 1966 itinerum
700 1921 846 1966 meorum.
880 1903 986 1966 Onoris
1005 1904 1060 1964 tibi
1078 1906 1232 1984 imponere
1254 1921 1310 1966 nec

198 1988 293 2049 audeo
308 1988 468 2068 quidquam
481 2005 538 2049 nec
553 1987 657 2049 debeo.
689 1988 763 2058 Sed,
787 1987 865 2068 quod
885 1989 1041 2062 commodo
1052 1996 1102 2049 tuo
1123 1990 1188 2051 lieri
1209 1991 1308 2067 possit,

128 2109 132 2117 ,
196 2073 352 2151 utriusque
364 2081 500 2136 nostrum
514 2074 613 2150 magui
627 2075 759 2142 interest,
770 2107 805 2118 -
814 2081 848 2133 ut
860 2081 887 2134 te
901 2075 1018 2134 videam
1039 2081 1109 2136 onte
1125 2091 1212 2152 φιιιιι
1223 2073 1309 2136 dece·

198 2157 260 2218 das.
292 2155 387 2225 Quam
406 2155 577 2218 facultatem
599 2158 624 2218 si
648 2158 715 2236 quis
737 2175 823 2219 casus
842 2159 1001 2235 eripuerit,
1026 2175 1092 2220 mea
1112 2164 1210 2220 tamen
1233 2158 1264 2218 iu
1279 2164 1308 2218 te

197 2243 297 2302 omnia
311 2241 408 2302 cilicia
423 2240 599 2302 constabunt
613 2258 674 2302 non
688 2260 775 2304 secus
793 2261 827 2304 ac
843 2243 868 2304 si
884 2251 913 2304 te
931 2241 1078 2306 vidissem.
1112 2241 1179 2303 Tibi
1199 2243 1235 2304 de
1255 2260 1309 2302 no·

197 2327 266 2387 stris
278 2325 370 2388 rebus
384 2326 459 2389 nibil
474 2344 540 2388 sum
550 2334 617 2389 ante
629 2327 822 2389 mandaturus
836 2345 891 2407 per
908 2328 1033 2405 litteras,
1049 2346 1137 2407 quam
1149 2328 1309 2406 desperaro

159 2417 179 2477 5
201 2428 301 2473 eoram
315 2430 364 2475 me
378 2418 477 2473 tecum
497 2428 586 2489 agere
607 2429 704 2490 posse.
749 2409 834 2481 Quod
853 2421 883 2473 te
905 2430 922 2473 a
942 2412 1079 2475 Scaeuola
1101 2414 1208 2491 petisse
1227 2412 1308 2482 dicis,

197 2501 243 2566 ut,
266 2496 337 2557 dum
357 2504 390 2557 tu
409 2495 543 2566 abesses,
564 2502 633 2556 ante
653 2495 810 2557 adventum
833 2515 932 2559 mcum
953 2499 1122 2576 provinciae
1148 2502 1307 2575 praeesset,

197 2644 281 2697 Siebe
298 2662 323 2697 a.
340 2645 364 2697 Ι.
378 2650 402 2696 1.
414 2650 441 2699 4.
464 2670 498 2680 -
521 2644 672 2697 visurusne
688 2662 729 2697 me
813 2648 839 2697 4.
856 2645 1308 2713 Tuurutio]Dein(Reise-)Pluu.

197 2710 248 2779 sis]
260 2712 362 2763 Cicero
375 2710 529 2777 wdoscbte‚
542 2710 597 2764 wie
610 2730 640 2764 es
653 2712 728 2765 sitae
779 2730 972 2781 -perpuucos
983 2710 1054 2781 dies]
1064 2713 1164 2765 Cicero
1172 2712 1309 2766 warzwei

197 2795 272 2844 war,
291 2779 342 2831 mit
359 2779 464 2832 seiuem
477 2779 646 2847 Vorgiuger
664 2780 728 2832 eine
779 2780 859 2846 Tage
869 2780 944 2831 dort.
956 2806 988 2816 -
1001 2780 1158 2861 erepublica
1167 2787 1310 2848 permuto-

197 2847 449 2900 Zusarutueukuuft
457 2862 492 2899 zu
501 2846 602 2913 baben,
608 2848 659 2900 ebe
669 2847 729 2900 die·
779 2844 872 2915 tione]
886 2848 998 2900 trebiros
1011 2864 1065 2899 mss
1077 2849 1134 2912 auf
1140 2848 1308 2899 Anweisun·

198 2931 244 2965 ser
262 2914 308 2967 die
321 2915 445 2967 Provinz
462 2914 591 2966 verliess.
616 2916 726 2983 Appius
778 2932 831 2981 pen
843 2916 891 2967 des
903 2916 1008 2967 Aerurs
1021 2914 1185 2981 auspeaublt
1197 2916 1308 2966 werden

198 2982 266 3033 aber
276 2982 374 3033 suchte
384 2982 475 3033 ciuem
485 2980 599 3032 solcben
609 2982 726 3033 Zusam-
778 2999 862 3035 muse.
886 2982 940 3035 Die
952 2983 1121 3051 permutatio
1133 2980 1319 3049 (permutaret

122 3087 126 3092 .
197 3047 727 3106 mentreffenauszuweicbeu.—,Brun-
779 3065 839 3100 cum
853 3048 889 3101 al.
902 3050 1062 3119 pecuniam)
1080 3048 1202 3100 bestand
1215 3046 1307 3111 dorin,

198 3113 281 3181 dieti]
305 3117 356 3166 auf
371 3115 422 3166 der
437 3114 525 3167 Reise
541 3114 614 3165 nach
630 3114 726 3167 Asien.
779 3116 844 3167 dass
879 3133 942 3168 meu
977 3116 1067 3167 einem
1093 3115 1210 3166 Auderu
1244 3113 1308 3166 eine

197 3210 230 3221 -
246 3182 310 3233 vesti
330 3219 337 3233 .
354 3218 361 3234 .
378 3188 412 3235 ut
428 3180 559 3248 dicerem]
584 3182 630 3233 iola
647 3189 747 3248 eapte,
779 3184 890 3235 Summe
908 3182 1013 3235 Geldes
1032 3183 1086 3247 gab
1111 3199 1200 3249 gegeu
1225 3182 1309 3234 einen

197 3250 254 3302 idm
272 3250 310 3301 im
333 3250 426 3316 Lause
446 3251 496 3303 der
519 3250 727 3316 Ueterltoltuay
779 3249 923 3315 Wechsel,
937 3252 989 3303 aul
1000 3249 1114 3303 daubin
1128 3266 1191 3303 man
1205 3250 1309 3317 (selbst

196 3338 231 3363 =
246 3318 292 3369 iob
308 3318 404 3370 tleeilte
418 3318 476 3371 ilem
497 3318 726 3385 pesprdobsweise
779 3318 848 3369 oder
867 3318 913 3370 eiu
930 3318 1070 3383 Anderer)
1088 3334 1145 3371 von
1163 3319 1224 3371 detn
1241 3318 1308 3370 Em-

196 3384 725 3521 tt‘·1{t⁰'.·.“tttt”'tlt'“l²litj
778 3385 1308 3521 tlitgtt:Stittbittttdtt

197 3520 277 3572 Nacb
300 3522 316 3583 §
336 3525 360 3572 1.
378 3520 405 3572 d.
424 3519 495 3587 folg.
511 3521 562 3572 Br.
580 3538 640 3571 usar
657 3521 727 3573 Sida
777 3520 865 3573 heheu
879 3522 993 3576 kounte.
1022 3522 1082 3574 Aet.
1095 3522 1128 3572 V.
1143 3524 1211 3573 15.s
1234 3519 1308 3573 ricbt

197 3588 338 3653 gemino,
365 3588 414 3640 eiu
437 3587 546 3642 kleiues
570 3588 726 3641 Stadtcben
779 3588 881 3641 Cicero
890 3588 1104 3641 vooWecbselu
1115 3589 1167 3640 aul
1175 3539 1306 3653 (iidemu,

198 3656 249 3706 ruit
260 3655 355 3708 Helen
372 3654 402 3707 iu
414 3654 483 3709 Pom
502 3654 609 3721 bylien.
625 3682 659 3692 -
670 3656 726 3707 ito-
778 3656 824 3709 die
847 3674 879 3709 er
902 3674 958 3709 von
976 3656 1089 3708 Atticus
1114 3655 1250 3709 erhalteu.
1275 3683 1306 3693 -

196 3719 265 3790 que]
284 3724 344 3774 und
358 3740 399 3775 eo.
420 3750 453 3759 -
474 3672 506 3773 d).
524 3720 656 3790 Clodius]
675 3722 726 3775 der
775 3724 845 3776 Idus
863 3722 977 3791 Sestil]
996 3724 1097 3775 Cicero
1118 3722 1183 3777 kam
1203 3726 1234 3775 iu
1256 3723 1306 3776 der

197 3789 360 3907 praefectus
370 3790 482 3841 fabrum
491 3788 657 3910 desApdpius
667 3790 725 3843 und
776 3791 852 3843 Thet
873 3792 938 3843 VII.
957 3789 1021 3842 Kal.
1048 3791 1127 3857 Sept.
1151 3791 1222 3843 nach
1243 3790 1329 3841 Ioo-.

218 3872 300 3909 essen
313 3857 583 3910 sertrauterFrsuu
606 3858 725 3910 .-Iau-
777 3857 853 3910 nium
876 3858 907 3909 iu
930 3856 1104 3923 Lycaonien.
1128 3884 1163 3897 -
1204 3858 1305 3910 uod..

197 3922 324 3991 edicens]
348 3924 402 3977 Die
421 3924 507 3977 seoda
529 3924 577 3992 lag
599 3939 676 3977 zwar
694 3925 723 3977 in
775 3922 880 3993 possit]
899 3923 956 3975 Das
975 3874 1216 3977 einschrdnkende
1233 3922 1306 3989 quod

195 3990 356 4057 Pbrygien,
373 3991 489 4058 gebb'rte
506 3992 575 4045 abor
587 3992 637 4043 mit
647 3992 725 4061 Aps·
776 3992 829 4045 mit
844 3992 906 4044 dem
923 3991 1006 4058 Conj.
1024 3993 1054 4045 S.
1071 3993 1213 4044 z.1.c.1.
1230 4006 1305 4050 :so

196 4073 259 4109 mee
270 4058 327 4110 trud
337 4058 472 4124 Synnade
481 4059 553 4111 noch
561 4076 597 4113 cu
607 4059 724 4113 Ciceros
773 4061 839 4126 serat
850 4076 878 4111 ee
890 4058 946 4111 Dtr
956 4060 988 4110 be
1006 4077 1067 4113 uem
1079 4058 1227 4127 (possead)
1238 4058 1284 4109 ist.

195 4123 330 4176 Provinz.
344 4150 380 4165 ·-
397 4127 444 4179 ad.
460 4124 629 4194 adnectunt}
646 4145 725 4195 „sur
810 4132 836 4181 5.
853 4077 1004 4195 Scaevola}
1021 4128 1080 4179 Der
1098 4125 1175 4179 Sobn
1192 4126 1242 4177 des
1254 4124 1305 4177 be-

196 4189 262 4244 Zet‘t
271 4193 374 4244 meister
385 4194 545 4259 Aubuaft.“
776 4193 905 4249 rihmten
921 4192 1174 4261 Rechtsgelebrten
1192 4192 1228 4254 Q.
1241 4193 1306 4247 Mu·
