3000 4650
505 276 953 369 sneuussunrmmseurus
1228 307 1289 374 173

175 495 228 547 eo,
252 477 332 557 quod
345 475 433 540 heres
447 480 492 538 est
505 475 544 538 Μ.
560 475 684 545 blindio,
708 475 793 537 fratri
808 492 871 547 suo,
893 476 944 554 qui
957 475 1041 539 Elide
1054 478 1220 555 negotiatus
1234 486 1288 548 est,

176 561 304 642 explices
319 569 348 624 et
363 560 500 640 expedias
516 578 584 623 cum
602 560 668 621 iure
680 567 709 621 et
722 566 881 640 potestate,
898 577 987 638 quam
997 560 1105 632 hebes,
1121 568 1184 624 tum
1200 563 1290 624 etiam

176 650 349 710 auctoritate
360 655 389 708 et
404 644 525 708 consilio
539 653 601 707 tuo.
636 645 685 705 Sic
701 645 781 706 enim
794 645 1038 725 praescripsimus
1052 647 1107 715 iis,
1131 647 1239 726 quibus
1253 666 1289 709 ea

176 735 293 810 negotia
308 732 524 799 mandavimus,
547 736 581 790 ut
597 727 734 790 omnibus
749 731 781 790 in
793 728 901 803 rebus,
922 749 998 811 quae
1018 732 1050 792 in
1070 729 1197 810 aliquam
1217 749 1290 793 con·

175 817 348 879 troversiam
358 822 546 883 vocarentur,
561 819 592 875 te
602 812 714 874 arbitro
729 820 766 883 et,
785 815 865 893 quod
877 815 1032 877 commodo
1043 821 1092 876 tuo
1103 815 1168 877 fieri
1178 825 1289 895 posset,

175 904 204 962 te
216 901 412 982 disceptatore
426 905 590 960 uterentur.
633 898 666 959 ld
681 903 714 960 ut
726 899 850 959 honoris
861 902 919 961 mei
934 917 1022 961 causa
1033 899 1184 978 suscipias,
1199 901 1289 962 rebe·

174 993 292 1048 menter
311 992 342 1047 te
358 987 445 1047 etiam
457 989 545 1063 atque
561 984 648 1044 etiam
661 1000 745 1060 rogo.
769 981 845 1045 lbud
862 991 1032 1064 praeterea,
1049 986 1147 1045 sinon
1162 983 1290 1047 alienum
1312 989 1332 1052 3

174 1074 226 1131 tua
240 1071 380 1149 dignitate
395 1067 512 1150 putabis
529 1085 608 1138 esse,
632 1066 739 1129 leceris
754 1067 826 1130 mibi
848 1075 1038 1148 pergratum,
1061 1071 1087 1130 si
1106 1069 1166 1148 uui
1186 1068 1290 1131 diffici-

175 1150 266 1216 liores
279 1162 383 1225 erunt,
407 1160 519 1214 utrem
534 1153 597 1214 sine
615 1154 815 1215 controversia
831 1153 936 1215 confici
948 1152 1057 1224 nolint,
1080 1154 1105 1215 si
1126 1171 1193 1223 eos,
1213 1171 1288 1233 quo·

175 1238 256 1299 niam
271 1257 338 1300 cum
357 1245 495 1300 senatore
510 1253 559 1296 res
574 1244 632 1307 est,
655 1235 779 1298 Romam
797 1239 948 1300 reieceris.
992 1237 1152 1316 Quodque
1174 1239 1291 1298 minore

176 1320 359 1384 dubitatione
380 1322 479 1384 lacere
497 1323 600 1401 possis,
622 1323 736 1384 litteras
753 1322 791 1384 ad
810 1330 873 1384 tea
886 1322 925 1383 bl.
944 1322 1056 1400 Lepido
1072 1322 1206 1393 consule,
1229 1339 1292 1383 non

176 1423 252 1484 quae
267 1415 297 1469 te
314 1406 423 1486 aliquid
439 1406 577 1468 iuberent
591 1442 633 1454 -
650 1424 747 1485 neque
764 1407 843 1469 enim
857 1406 887 1467 id
902 1413 970 1468 tuae
985 1407 1134 1486 dignitatis
1153 1424 1217 1469 esse
1242 1424 1290 1468 ar·

175 1489 321 1552 bitramur
342 1525 389 1562 -‚
412 1491 464 1553 sed
479 1490 696 1569 quodammodo
719 1493 805 1571 quasi
822 1490 1080 1553 commendaticias
1099 1492 1289 1570 sumpsimus.

175 1574 362 1645 Scriberem,
384 1593 471 1655 mam
498 1575 529 1636 id
549 1574 725 1637 beneficium
745 1573 823 1637 bene
844 1574 924 1653 apud
949 1574 1121 1637 Mescinium
1141 1576 1292 1656 positurus
1313 1581 1334 1641 4

176 1677 270 1731 esses,
292 1661 348 1721 nisi
364 1667 393 1722 et
408 1667 436 1722 te
450 1661 527 1723 scire
543 1660 723 1722 confiderem
742 1653 858 1721 etmihi
872 1664 1014 1739 peterem.
1044 1658 1095 1719 Sic
1109 1661 1189 1720 enim
1203 1659 1292 1720 velim

177 1747 333 1815 existimes,
351 1762 412 1806 non
428 1746 525 1807 minus
543 1763 591 1806 me
609 1744 646 1806 de
663 1743 740 1805 illius
757 1761 793 1806 re
809 1743 948 1805 laborare
959 1760 1048 1822 quam
1061 1744 1157 1821 ipsum
1172 1743 1209 1805 de
1225 1761 1288 1804 sua.

175 1828 234 1891 Sed
249 1847 316 1891 cum
331 1828 412 1892 illum
429 1830 533 1891 studeo
548 1847 636 1908 quam
651 1827 788 1890 facillime
800 1828 836 1889 ad
851 1845 938 1888 suum
954 1828 1125 1905 pervenire,
1143 1835 1208 1889 tum
1219 1825 1293 1890 illud

173 1912 292 1988 laboro,
314 1922 421 1976 utnon
439 1914 593 1975 minimum
607 1913 665 1975 bac
679 1930 747 1975 mea
765 1912 1020 1974 commendatione
1042 1928 1076 1974 se
1095 1919 1290 1975 consecutum

175 1997 344 2061 arbitretur.

531 2160 939 2228 ErrsuoneXXXVIHI.

579 2298 892 2383 [ccreoscereos]

261 2416 324 2481 Neo
340 2418 588 2483 Lacedaemonios
603 2419 737 2481 dubitare
753 2417 892 2490 arbitror,
909 2421 980 2500 quin
989 2423 1045 2498 ipsi
1060 2438 1113 2483 sua
1131 2421 1292 2482 maiorum·
1315 2428 1333 2490 1

178 2520 236 2585 que
251 2520 372 2565 suorum
388 2507 562 2566 auctoritate
576 2506 647 2566 satis
659 2502 857 2565 commendati
872 2505 931 2566 sint
946 2505 1015 2567 fidei
1030 2512 1059 2566 ct
1072 2505 1197 2565 iustitiae
1207 2511 1291 2573 tuae;

177 2595 206 2649 et
219 2604 290 2667 ego,
313 2590 364 2669 qui
379 2594 409 2650 te
424 2590 533 2669 optime
549 2591 716 2659 novissem,
738 2605 800 2650 non
815 2587 958 2658 dubitavi,
981 2591 1052 2669 quin
1067 2588 1122 2650 tibi
1142 2591 1293 2649 notissima

179 2681 209 2735 et
230 2674 295 2734 iura
311 2679 341 2734 et
364 2675 468 2735 merita
491 2672 670 2754 populorum
694 2679 801 2735 essent.
845 2674 948 2752 ltaque
973 2691 1042 2735 cum
1062 2692 1079 2734 a
1100 2691 1148 2735 me
1178 2680 1293 2752 peteret

177 2756 330 2837 Philippus
355 2757 621 2829 Lacedaemonius,
643 2765 677 2818 nt
703 2756 757 2817 tibi
788 2758 933 2819 civitatem
955 2757 1212 2827 commendarem,
1238 2759 1292 2819 etsi

176 2843 371 2903 memineram
385 2859 434 2903 me
449 2844 477 2905 ei
491 2842 599 2903 civitati
615 2842 713 2903 omnia
728 2841 847 2912 debere,
871 2849 971 2903 mmen
985 2843 1128 2923 respondi
1142 2860 1293 2904 commen·

175 3008 303 3060 berorum
329 3007 535 3062 necessitudine
556 3009 712 3077 proximum
763 3008 847 3076 (eber
858 3008 889 3061 in
901 3008 1047 3062 weltonem
1059 3008 1148 3062 Since
1166 3010 1209 3061 uls
1221 3008 1295 3077 epis-

175 3076 267 3128 oolaat't
277 3092 343 3129 eece.
356 3106 389 3157 .‘'
400 3075 470 3157 callo]
485 3078 514 3129 S.
527 3084 551 3128 z'.
565 3077 617 3157 Ill.
631 3079 672 3130 16.
684 3078 711 3129 4.
762 3078 835 3142 tola)
847 3077 959 3129 litterae
971 3077 1098 3157 beisceu,
1119 3076 1163 3129 Ad
1174 3076 1294 3157 let'r.

176 3142 548 3328 lgetsspttplgfi-Mq't'clgfflhdggdl
565 3143 710 3266 ¹:11.Chitllrls
761 3144 1296 3280 318''lmpwl'epptrrpbtplaptpp'pspotlpppclctetpp‘

177 3279 710 3413 „tmtttiltttdtblette:
761 3279 1296 3401 Blitedllilbilbtlllef

177 3410 251 3460 ritae
263 3410 321 3462 und
332 3411 479 3464 concilium
488 3429 524 3465 an
534 3414 585 3466 der
593 3414 711 3496 lfferson.
761 3419 811 3467 ten
835 3413 876 3467 als
901 3413 953 3468 der
975 3415 1077 3469 zweite
1105 3413 1188 3467 Tbeil
1218 3414 1295 3467 eines

175 3477 712 3665 {frttmplt‘tlibbfftlciet
762 3482 872 3603 tilii?
880 3482 1295 3605 ,itittibtt‘tlblit

177 3618 711 3813 {ledele{dlfefflss'ssffi‘l
760 3617 1170 3807 {lectitemu-
1184 3686 1297 3808 titi

177 3882 198 3933 S
212 3818 237 3932 ἶ.
251 3783 276 3894 sl
287 3815 404 3934 wlff
416 3786 512 3937 wli]
523 3834 602 3871 menn
613 3820 712 3873 melete
755 3792 843 3910 'epact
853 3772 962 3890 ἱηῖὶάε,
981 3823 1087 3888 lepetoe
1102 3772 1219 3904 mit’tuqrtt
1229 3824 1296 3904 oud-

177 3888 713 4035 ett‘tatettt‘ididtltm
763 3890 1297 4076 {lljmqlllll‘ltuinibeialtili

177 4017 285 4083 senat,
314 4034 367 4071 vor
391 4018 453 4071 dem
477 4020 523 4074 dre
548 4022 637 4076 Sache
662 4023 711 4077 des
763 4052 797 4064 -
838 4023 979 4094 balappue]
1005 4032 1087 4078 sonst
1120 4026 1308 4095 unbekannt}

178 4084 350 4153 Mescinius,
380 4085 416 4139 da
440 4104 471 4139 er
495 4090 617 4143 serrator
640 4107 711 4159 wer,
762 4092 1000 4159 -rne-debere]
1014 4093 1194 4146 Wirwisren
1207 4093 1308 4160 nichtst

178 4152 347 4235 verbandelt
358 4153 473 4208 werden
487 4155 579 4237 spllte.
593 4186 626 4196 -
638 4158 712 4241 litte·
764 4160 829 4213 dass
846 4160 1005 4214 besondere
1017 4160 1215 4229 Beziebungen
1222 4151 1308 4241 ptri-3

180 4218 245 4287 rae]
264 4222 420 4274 litterae:
432 4222 579 4278 emtlrches
598 4226 712 4279 Sohrer-
763 4227 848 4281 schen
865 4227 965 4282 (liceto
984 4228 1042 4281 und
1059 4229 1113 4282 den
1125 4228 1305 4290 becedam-i

178 4284 247 4350 ben3
258 4288 360 4354 jedoch
373 4290 444 4345 euch
452 4291 536 4359 jeder
544 4292 629 4348 Briei
635 4296 710 4349 kenn
762 4295 845 4349 niern
856 4296 1013 4352 bestonden
1025 4296 1126 4352 beben.
1300 4296 1304 4301 ’
