3000 4650
618 313 745 388 atinum.
788 334 791 340 ·
1053 278 1057 282 “
1193 305 1234 372 33

133 479 170 543 ad
186 500 228 552 ea,
238 469 352 560 ‘quihus
367 479 513 542 secundae
528 488 748 550 resumantur,
764 481 903 541 adversae
918 481 1109 548 adimantum
1124 487 1254 541 tecum&

134 585 190 648 que
210 573 246 626 et·
259 584 313 627 ero
336 573 449 626 tantum
471 573 613 645 quantum
629 566 756 644 patietur
774 566 926 642 utriusque
946 572 1025 626 aetas
1045 572 1073 625 ct
1094 563 1238 635 valetudo,

134 659 176 721 et,
199 653 224 712 si
240 667 304 712 esse
319 667 377 713 una
392 651 488 712 minus
505 652 669 730 poterimus
685 667 773 731 quam
793 649 938 720 volemus,
962 650 1127 710 animorum
1143 656 1240 710 tamen

134 737 337 797 coniunctione
358 736 520 816 iisdemque
543 734 647 798 studiis
663 735 702 797 ita
719 736 867 806 fruemur,
887 741 920 797 ut
943 752 1093 815 nunquam
1109 753 1168 795 non
1182 752 1240 795 uua

134 839 199 883 esse
213 820 372 884 videamur.

555 985 732 1054 Errsronn
749 985 827 1052 XV.

375 1110 404 1170 L.
420 1111 575 1171 unoculus·
588 1113 617 1183 Q.
634 1114 663 1170 11.
680 1113 706 1172 S.
723 1113 749 1170 11.
766 1111 919 1169 numito
933 1110 966 1169 11.
985 1113 1014 1169 it.

219 1243 250 1306 Si
268 1243 354 1321 vales,
370 1242 448 1306 bene
463 1252 521 1306 est:
538 1262 593 1324 ego
609 1244 698 1317 valeo,
715 1243 891 1317 sicutsolco,
903 1242 1033 1324 paullulo
1045 1251 1143 1305 tamen
1156 1245 1242 1306 etiam
1265 1251 1281 1312 1

136 1327 267 1392 deterius
283 1345 372 1408 quam
387 1329 478 1392 soleo.
501 1331 543 1392 'le
555 1332 695 1410 requisivi
708 1331 834 1408 saepius,
847 1336 880 1392 ut
893 1329 1041 1390 viderem:
1056 1329 1165 1390 Romae
1177 1333 1244 1409 quia

112 1460 117 1478 s
136 1420 239 1493 postea
253 1431 313 1474 non
332 1414 412 1476 fuisti
433 1433 521 1495 quam
536 1434 552 1476 a
566 1433 615 1476 me
635 1415 827 1486 discesseras,
844 1417 967 1477 miratus
981 1433 1063 1484 sum;
1079 1415 1159 1493 quod
1175 1416 1245 1476 item

136 1517 216 1562 nunc
230 1499 331 1562 miror.
347 1499 412 1561 Nou
426 1499 522 1562 habeo
538 1507 662 1572 certum,
679 1519 755 1582 quae
771 1507 801 1562 te
814 1518 863 1562 res
881 1500 950 1561 hinc
963 1501 1088 1560 maxime
1104 1499 1243 1560 retrahat.

137 1585 169 1645 Si
184 1581 340 1646 solitudine
356 1584 511 1654 delectare,
530 1603 596 1648 cum
611 1585 724 1647 scribas
744 1592 773 1646 et
787 1585 896 1664 aliquid
911 1601 979 1662 agas
993 1603 1105 1655 eorum,
1119 1600 1261 1663 quorum
1276 1632 1278 1641 .

137 1669 291 1741 consuesti,
308 1669 422 1749 gaudeo
435 1689 530 1752 neque
543 1669 729 1751 reprehendo
744 1677 827 1731 tuum
840 1668 1006 1738 consiliom;
1015 1683 1091 1730 'nam
1106 1668 1247 1730 nihilisto

137 1760 232 1834 potest
248 1772 312 1816 esse
327 1755 484 1817 iucundius
497 1773 557 1817 nou
571 1756 658 1818 modo
674 1756 790 1818 miseris
804 1755 852 1816 his
863 1753 1044 1834 temporibus
1056 1761 1085 1814 et
1096 1753 1247 1824 luctuosis,

138 1838 288 1901 sedetiam
303 1838 469 1918 tranquillis
484 1851 513 1901 et
526 1839 641 1920 optatis,
657 1841 832 1920 praesertim
844 1839 888 1902 rel
903 1840 1001 1901 animo
1016 1838 1172 1918 defatigato
1185 1847 1247 1908 too,

140 1925 189 2003 qui
203 1941 281 1986 nunc
298 1925 462 2005 requietem
478 1935 600 2006 quaerat
615 1943 651 1987 ex
668 1927 783 2005 magnis
798 1923 1048 2004 occupationibus,
1064 1922 1111 1986 rel
1122 1923 1247 1995 erudito,

139 2009 188 2088 qui
205 2025 321 2088 semper
336 2008 444 2089 aliquid
460 2029 495 2072 er
510 2027 542 2072 se
557 2018 689 2089 promat,
706 2010 786 2090 quod·
799 2009 870 2072 alios
885 2010 1026 2080 delectet,
1043 2011 1140 2089 ipsum
1156 2009 1264 2071 laudi·

139 2093 194 2156 bus
211 2091 343 2156 illustret.
376 2093 427 2156 Sin
442 2102 554 2168 autem,
576 2097 651 2157 sicut
665 2095 735 2156 hinc
753 2096 946 2166 discesseras,
962 2091 1090 2156 lacrimis
1105 2113 1140 2156 ao
1155 2096 1245 2155 tristi·
1269 2103 1288 2161 2

140 2177 196 2240 tiae
210 2175 239 2240 te
254 2179 415 2246 tradidisti,
434 2177 535 2251 doleo,
551 2183 618 2260 quia
636 2179 717 2241 doles
736 2188 765 2241 ot
776 2198 903 2258 augere3
923 2198 983 2240 non
998 2197 1118 2260 possum
1134 2187 1162 2240 te
1178 2197 1248 2250 non,
1334 2193 1337 2199 ’

141 2263 165 2324 si
186 2262 337 2335 concedis,
365 2264 444 2344 quod
467 2266 608 2328 sentimus
625 2271 658 2327 ut
679 2263 800 2328 liberius
820 2266 966 2336 dicamus,
989 2281 1135 2327 accusare.
1174 2263 1250 2335 Quid

141 2350 237 2411 enimi
252 2356 285 2410 tu
300 2348 379 2412 solus
394 2358 494 2430 aperta
510 2370 570 2412 uon
585 2350 706 2422 ridebis,
722 2353 774 2428 qui
783 2358 906 2430 propter
919 2369 1042 2412 acumen
1053 2350 1247 2412 occultissima

141 2435 302 2511 perspicist
319 2441 351 2495 tu
371 2452 431 2495 non
452 2434 595 2515 intelliges
610 2443 639 2497 te
662 2434 790 2514 querelis
807 2435 984 2517 quotidianis
998 2434 1072 2496 nihil
1086 2436 1250 2514 proliceret

108 2561 111 2565 -
141 2534 201 2577 non
214 2516 358 2597 intelliges
373 2518 516 2597 duplicari
529 2519 745 2591 sollicitudines,
768 2532 847 2599 'quas
865 2519 964 2581 levare
978 2527 1027 2580 tua
1043 2526 1073 2579 te
1092 2519 1248 2599 prudentia

142 2600 285 2679 postulati
320 2600 429 2672 Quodsi
444 2621 505 2664 non
524 2606 670 2683 possimus
684 2603 793 2684 aliquid
808 2605 952 2685 prolicere
968 2603 1135 2674 suadendo,
1153 2605 1246 2683 gratia
1269 2608 1287 2669 3

142 2686 344 2749 contendimus
360 2694 389 2749 et
401 2689 543 2766 rogando,
561 2690 585 2749 si
603 2689 672 2769 quid
687 2698 788 2751 nostra
802 2708 890 2752 causa
905 2691 964 2760 vis,
982 2692 1014 2750 ut
1033 2688 1096 2749 istis
1115 2696 1145 2750 te
1162 2686 1253 2749 mole-

81 2776 85 2783 '
142 2772 204 2833 stiis
218 2768 299 2835 laxes
313 2780 343 2835 et
356 2773 392 2835 ad
409 2775 573 2837 convictum
589 2782 722 2837 nostrum
735 2775 841 2837 redeas
855 2785 884 2837 et
898 2774 935 2838 ad
952 2773 1193 2837 consuetudinem
1210 2771 1254 2861 rel

143 2954 244 3009 soll.-
255 2956 294 3009 od
304 2973 350 3023 eo,
363 2956 464 3025 quibua
477 2958 537 3025 etn]
551 2958 674 3077 Vflqaro
726 2957 820 3011 animo
829 2986 860 2997 ·-
872 2958 938 3025 tao]
952 2956 1040 3011 Datis
1051 2972 1086 3010 zu
1094 2956 1256 3033 iucundius.

143 3022 246 3076 Archia
264 3026 287 3077 1.
321 3022 389 3077 leoco
405 3024 502 3078 studio
516 3027 573 3078 odo
586 3043 676 3077 escen·
759 3032 783 3079 2.
802 3026 951 3079 eiecticiae
963 3022 1146 3093 discesseras]
1162 3026 1258 3076 :soie

143 3090 212 3143 tiam
227 3093 324 3158 olunt,
348 3098 512 3146 cesenatem
529 3094 674 3159 oblectant,
726 3093 788 3160 Du,
802 3096 828 3148 d.
841 3095 859 3149 i.
871 3095 902 3145 in
915 3096 963 3147 der
975 3094 1143 3159 ffimmunq,
1155 3092 1185 3145 in
1195 3094 1257 3143 mel-

143 3161 335 3213 secundasres
348 3168 460 3227 ornam,
475 3162 676 3229 adversispor-
725 3161 850 3215 olaerDo
866 3179 920 3214 oon
938 3161 997 3213 hier
1012 3177 1165 3227 qeqanqen.
1203 3160 1256 3212 Die

141 3226 251 3292 seylam
273 3244 307 3279 oe
330 3229 461 3281 solatium
479 3231 622 3299 praebent.
643 3258 675 3267 -
726 3228 831 3283 Lesart
851 3230 890 3282 ist
911 3228 1043 3281 indessen
1068 3227 1208 3281 unsicher.
1225 3257 1256 3265 -

143 3291 294 3363 valetudo]
324 3294 464 3363 Luceejus
493 3310 553 3351 wat·
580 3293 677 3365 hiufig
727 3296 850 3364 accere]
864 3296 928 3365 vgl.
946 3313 969 3351 z.
988 3296 1117 3370 rotherg,
1133 3296 1181 3350 Br.
1199 3297 1216 3359 §
1233 3300 1258 3350 3.

144 3360 269 3414 loidend.
725 3361 1259 3435 -nonposaurnjDasvorougestellte

178 3428 275 3508 Error.
287 3430 344 3481 XV.
364 3429 435 3511 (709.
447 3430 504 3497 45.)
521 3432 564 3485 Da
573 3431 675 3485 Cicero
726 3450 783 3486 narr
794 3432 912 3485 vertritt
921 3431 968 3484 bei
978 3432 1029 3484 der
1041 3430 1258 3513 asyndetisehen

145 3495 216 3548 noch
233 3510 330 3547 immet
352 3496 397 3549 dne
415 3498 499 3552 scoot
520 3498 607 3563 nied,
630 3518 674 3553 er·
727 3500 1258 3568 StellougderSdtzegewrssermosseu

143 3562 255 3615 mehnte
279 3562 327 3615 ihu
350 3563 489 3631 Luceejus
513 3566 542 3618 in
571 3566 675 3620 diesem
728 3568 774 3621 die
789 3566 969 3621 adversative
980 3566 1117 3620 Partikel.
1131 3565 1258 3619 Caes.B.

144 3630 256 3698 Briefe,
273 3630 350 3683 nicht
360 3632 509 3701 treurigon
521 3634 677 3687 Gedonken
729 3636 764 3690 G.
777 3635 799 3688 1.
818 3638 859 3687 14.
894 3634 939 3686 Ito
955 3634 1096 3686 Heluetios
1112 3649 1130 3685 o
1146 3634 1260 3685 maiori—

145 3696 678 3767 nachruhiagenuadzorGesellsohoit
728 3704 781 3756 dos
797 3703 857 3755 sois
873 3703 1018 3755 institutos
1034 3719 1105 3768 esce,
1128 3702 1172 3754 uti
1188 3702 1261 3753 odai-

146 3765 240 3819 seiner
251 3766 384 3821 Freunde
396 3768 655 3824 zuri'ackzulrelnren.
728 3773 776 3824 dcc
788 3770 923 3839 occipem,
940 3787 998 3823 non
1010 3771 1079 3822 dare
1090 3770 1260 3822 consuerint.
1337 3782 1341 3792 ’

179 3837 202 3889 1.
213 3849 304 3954 1quom
316 3852 333 3885 a
350 3852 391 3887 mc
407 3834 592 3905 discesseras]
611 3838 638 3890 d.
657 3836 676 3888 i.
728 3866 761 3876 —
774 3838 863 3905 Quid]
879 3840 936 3891 wie.
960 3837 1013 3891 Die
1026 3838 1077 3891 mit
1088 3838 1157 3905 quid
1168 3834 1260 3889 enim?

146 3916 196 3953 ouo
241 3918 294 3965 om.
327 3902 382 3955 Das
399 3903 592 3974 Plusquamp.,
611 3904 677 3957 weil
728 3906 904 3973 singelaihrte
921 3906 979 3958 Fra
1000 3924 1015 3958 e
1036 3906 1168 3973 serlongt
1188 3913 1259 3957 stets

147 3963 299 4022 nichtoine
313 3967 676 4039 oumittelbareFolgebe·
728 3973 791 4027 eino
820 3922 1012 4026 verminosis
1041 3974 1173 4025 Autwort
1203 3971 1260 4024 und

146 4034 274 4089 zeiohnet
291 4036 372 4091 wird.
391 4066 424 4075 -
441 4038 522 4107 ltine]
537 4039 676 4107 Lucoejus
727 4041 808 4094 dieat
824 4057 875 4094 zur
886 4040 1077 4108 Begrriudung
1093 4040 1144 4093 der
1161 4039 1260 4105 suige-

113 4102 557 4187 .sthiebalsoqonRomaus.
574 4125 678 4160 -mo-
728 4107 843 4189 stellten
854 4108 1082 4188 Behauptung3
1122 4173 1128 4186 .

146 4169 678 4323 test1sasttttmttttcs:
728 4174 1260 4312 „iactastratistensem
1348 4270 1350 4275 ,

147 4306 308 4361 Attraction
334 4326 388 4362 wie
408 4309 444 4363 im
465 4308 676 4363 Griechisclren.
728 4310 845 4361 Jcmond
865 4325 902 4360 zu.
924 4307 1004 4357 bleta
1027 4306 1136 4366 mattea,
1162 4300 1259 4349 uenam

100 4405 103 4411 ·
186 4398 263 4451 incy,
279 4400 361 4442 Ciceros
375 4412 472 4454 ausgow.
487 4402 567 4445 Briole.
941 4446 943 4449 Α
1034 4393 1053 4451 3
