3000 4650
222 176 264 242 24
617 180 677 238 tte.
692 181 710 238 1.
727 180 828 238 Errsr.
845 183 945 235 c-ro.

223 347 335 418 adbuc,
359 354 459 408 utrum
475 348 512 408 sit
530 345 641 408 melius.
656 357 659 362 '
675 345 732 406 Vos
748 346 857 416 videte,
880 345 950 423 quid
969 343 1043 406 aliae
1065 344 1171 406 iaciant
1191 345 1246 405 isto
1268 341 1335 404 loco

223 433 362 502 feminae,
383 439 474 500 etue,
497 450 564 492 cum
579 431 687 501 velitis,
710 432 792 492 exire
807 447 868 491 non
884 429 980 490 liceat.
1016 429 1047 490 ld
1059 429 1155 504 ‚velim
1178 427 1336 507 diligenter

224 519 310 578 ctiam
325 523 413 595 atque
428 517 513 577 etiam
529 514 679 576 vobiscum
697 523 809 577 etcum
825 515 925 576 amicis
939 514 1142 574 consideretis.
1178 513 1288 574 Domus
1303 520 1337 572 ut

222 599 443 680 propugnacula
460 608 488 660 et
502 599 680 676 praesidium
698 599 812 670 habeat,
830 598 985 660 Philotimo
1001 599 1111 664 dicetis.
1140 596 1178 657 Et
1192 596 1277 658 velim
1291 604 1336 657 ta-

222 684 359 747 bellarios
373 685 529 744 instituatis
544 690 655 755 certos,
676 691 709 744 ut
729 673 857 764 quotidie
872 683 984 764 aliquas
999 701 1015 743 a
1031 681 1112 742 vobis
1132 680 1243 742 litteras
1258 683 1335 742 aeci-

222 771 310 850 plam.
340 769 464 830 Maxime
479 774 576 829 autem
592 768 659 830 date
674 787 811 848 operam,
829 778 861 828 ut
876 766 1002 836 valeatis,
1019 769 1044 827 si
1059 784 1113 827 nos
1127 765 1213 826 vultis
1228 764 1335 826 valere.

222 873 306 917 run.
324 851 387 916 llal.
403 852 538 913 Formiis.

645 1017 824 1082 Erusnonu
838 1016 918 1081 VII.

518 1141 655 1200 TULLIUS
670 1141 854 1199 TERENTIAE
870 1141 954 1199 SUAE
968 1142 996 1198 S.
1013 1142 1040 1199 P.

184 1281 201 1340 1
310 1273 419 1335 Omnes
437 1272 585 1334 molestias
606 1281 634 1334 et
655 1273 882 1340 sollicitudines,
911 1273 1018 1351 qulbus
1040 1281 1069 1334 ct
1089 1283 1119 1333 te
1140 1275 1335 1335 miserrimam

222 1359 327 1427 habui,
343 1359 370 1418 id
389 1358 467 1436 quod
488 1358 559 1418 mihi
576 1357 812 1418 molestissimum
835 1364 894 1433 est,
917 1366 947 1418 et
961 1356 1133 1428 Tulliolam,
1152 1377 1227 1438 quae
1248 1359 1335 1418 nobis

222 1451 322 1503 nostra
337 1441 523 1504 vitadulcior
539 1450 591 1512 est,
609 1442 730 1522 deposui
747 1450 776 1504 et
791 1443 873 1502 eieci.
904 1440 979 1511 Quid
999 1460 1104 1503 causae
1124 1448 1221 1504 autem
1234 1442 1334 1511 luerit,

222 1528 365 1612 postridie
388 1525 531 1597 intellexi,
554 1545 641 1606 quam
659 1541 675 1588 a
698 1525 781 1587 vobis
803 1527 932 1587 discessi.
973 1516 1075 1603 Xotlpv
1093 1520 1224 1603 depereo
1244 1532 1334 1586 noctu

223 1613 309 1680 eieci;
326 1613 423 1672 statim
437 1613 476 1672 ita
494 1629 558 1672 sum
575 1610 695 1680 levatus
712 1617 745 1671 ut
760 1610 830 1670 mibi
842 1611 917 1670 deus
929 1609 1034 1690 aliquis
1045 1611 1219 1672 medicinam
1231 1611 1335 1671 iecisse

222 1697 364 1756 videatur.
396 1694 449 1756 Cui
471 1694 589 1772 quidem
604 1702 636 1755 tu
659 1694 730 1764 deo,
752 1694 1112 1773 quemadmodum-soles,
1135 1697 1183 1774 pie
1205 1702 1233 1754 et
1256 1701 1336 1756 caste
1370 1728 1372 1733 ·

182 1784 201 1844 2
223 1781 381 1840 satisfacies
398 1778 442 1860 [id
461 1786 505 1840 est
519 1778 645 1857 Apollini
661 1786 690 1840 ct
704 1777 903 1859 Aesculapio}
954 1779 1061 1840 Navem
1078 1797 1165 1857 spero
1182 1797 1235 1839 nos
1250 1779 1335 1841 valde
1416 1851 1420 1856 ,

222 1864 328 1925 bonam
346 1863 471 1931 habere;
491 1865 522 1922 in
538 1881 601 1923 cam
617 1862 792 1944 simulatque
811 1863 984 1932 conscendi,
1003 1864 1076 1924 haec
1089 1865 1202 1942 scripsi.
1225 1864 1335 1926 Deinde
1392 1912 1397 1922 .
1416 1907 1418 1911 -
1477 1902 1479 1953 ι

222 1947 406 2010 conscribam
432 1947 468 2007 ad
495 1954 611 2008 nostros
636 1948 794 2010 familiares
817 1946 924 2009 multas
945 1947 1098 2025 epistolas,
1126 1948 1233 2028 quibus
1257 1954 1285 2009 te
1301 1953 1330 2008 et

209 2030 376 2092 'Tulliolam
401 2036 532 2092 nostram
561 2031 783 2110 diligentissime
812 2031 1036 2094 commendabo.
1075 2031 1253 2094 Cohortarer
1274 2050 1334 2101 vos,

222 2133 280 2193 quo
295 2118 391 2176 auimo
408 2116 529 2177 lortiore
541 2119 651 2186 essetis,
670 2118 726 2177 nisi
737 2135 788 2177 vos
800 2117 936 2176 fortiores
948 2133 1122 2193 cognossem
1133 2133 1220 2194 quam
1232 2135 1334 2196 quem-

186 2248 189 2250 .
221 2218 309 2279 quam
329 2203 434 2260 virum.
482 2201 520 2262 Et
540 2207 637 2262 tamen
660 2202 804 2262 eiusmodi
828 2219 916 2279 spero
930 2203 1054 2278 ,negotia
1081 2219 1159 2271 esse,
1182 2211 1215 2262 ut
1235 2208 1263 2262 et
1283 2219 1335 2261 vos

193 2326 195 2329 -
222 2287 289 2349 istic
310 2285 546 2349 commodissime
576 2303 694 2365 sperem
717 2303 783 2347 esse
805 2293 835 2347 et
854 2303 903 2348 me
924 2285 1080 2366 aliquando
1103 2303 1169 2347 cum
1192 2284 1335 2347 similibus

220 2372 314 2431 nostri
334 2387 398 2447 rem
424 2369 571 2447 publicam
593 2372 776 2431 defensuros.
816 2371 862 2431 Tu
885 2372 1014 2447 primum
1035 2368 1230 2432 valetudinem
1252 2376 1334 2432 tuam

181 2460 199 2521 3
222 2452 307 2515 velim
323 2472 426 2522 cures;
445 2454 559 2521 deinde,
572 2453 661 2515 tibist
674 2452 829 2523 videbitur,
842 2453 914 2514 villis
926 2456 961 2515 iis
974 2461 1066 2524 utere,
1079 2473 1154 2535 quae
1164 2454 1334 2531 longissime

220 2538 346 2609 aberunt
366 2558 381 2598 a
399 2538 549 2599 militibus
584 2537 687 2598 Fundo
702 2539 835 2615 Arpinati
857 2538 935 2599 bene
956 2541 1069 2617 poteris
1085 2540 1208 2600 uticum
1225 2537 1332 2598 lamilia

222 2739 272 2791 dos
286 2738 466 2789 Formianum
492 2735 549 2788 und
573 2736 622 2789 das
645 2738 750 2789 Puteo·
835 2741 860 2788 1.
889 2738 1074 2789 miserrimam
1089 2736 1193 2804 batos]
1218 2738 1333 2790 Habere

219 2806 324 2857 lanum.
801 2806 877 2857 steht
894 2806 938 2857 oft
953 2804 982 2855 iu
1000 2804 1187 2872 Verbindung
1203 2806 1254 2857 mit
1270 2807 1332 2858 dem

253 2876 276 2923 2.
295 2872 349 2923 icto
361 2870 432 2937 loco]
448 2892 482 2917 =
494 2872 607 2923 Frauen
621 2889 675 2923 von
690 2872 748 2924 Eu·
800 2872 937 2941 Particip.
955 2872 1078 2924 Perfect.
1098 2873 1176 2924 Pass.
1195 2873 1264 2938 (Ate.
1282 2876 1332 2926 vl.

219 2956 276 2991 rem
286 2938 392 2991 Stande
403 2939 460 2991 und
469 2938 747 3009 Rungeoe-Domuo]
799 2944 824 2991 2.
848 2944 875 2991 8.
903 2941 1044 2992 Inclusum
1061 2941 1092 2991 in
1108 2942 1189 2991 curie
1205 2948 1306 2993 senatu

218 3006 748 3075 DcsHaussollteinVertbeidigungs-
799 3007 971 3071 babuerunt)
989 3023 1034 3059 um
1052 3007 1243 3072 auzudeutrm,
1266 3010 1337 3079 (lass³

218 3074 748 3139 zustaudgesotztwerdeni-utweil
800 3076 850 3127 dos
868 3074 1002 3127 Resultat
1020 3075 1070 3127 der
1088 3076 1241 3143 Handlnng
1262 3078 1336 3129 lort⁴¹

218 3140 314 3193 dicetis
336 3142 424 3193 soviel
445 3142 484 3193 ist
505 3142 560 3195 alst
582 3141 631 3193 llar
651 3144 752 3193 werdet
801 3143 912 3195 (lauert.
934 3120 1335 3196 Inbbnlichcheisefindetl

218 3208 750 3277 austroque.-Pittottmowglvrbm
800 3210 859 3263 sicb
883 3211 972 3262 babeo
995 3210 1047 3262 mit
1069 3211 1130 3262 dem
1154 3210 1274 3277 Adjece,
1288 3228 1331 3263 um

217 3274 319 3344 certos]
335 3278 494 3342 bertincuria,
513 3278 704 3343 repelmr'isripe
719 3306 746 3315 -
800 3278 882 3330 einen
900 3277 1065 3330 daueruden
1077 3278 1159 3330 meist
1176 3279 1264 3330 durch
1281 3279 1331 3331 das

216 3344 294 3411 Eat]
308 3362 347 3397 sc.
360 3346 444 3397 Febr.
800 3346 920 3412 Subject
936 3345 1185 3411 herbeigeffihrten
1202 3346 1331 3398 Zustaud

250 3412 346 3462 Eprsr.
364 3414 424 3464 VII.
448 3412 518 3477 (705.
536 3411 593 3477 49.)
611 3412 674 3465 Scit
690 3410 749 3464 An·
800 3412 1025 3467 zubezcichnen.
1037 3414 1116 3467 Fam.
1128 3413 1224 3465 VIL3.
1235 3417 1259 3464 1.
1277 3414 1330 3465 sol-

217 3479 285 3545 lang
297 3478 427 3531 Februar
443 3478 520 3531 batte
537 3479 595 3532 sicb
608 3480 748 3533 Terentia
800 3481 907 3532 licitum
935 3488 961 3532 te
988 3482 1107 3532 babebat
1134 3481 1273 3545 copitatio.
1299 3508 1330 3515 -

217 3545 267 3597 mit
277 3546 375 3598 Tullia
392 3547 443 3598 der
454 3545 619 3615 lEinladuug
631 3547 747 3600 Ciceros
800 3549 889 3614 Sorge
903 3549 959 3600 und
968 3548 1111 3601 Verdruss
1123 3548 1219 3600 hatten
1230 3548 1330 3600 Cicero

215 3612 330 3679 folgend
348 3616 400 3667 aul
414 3613 476 3667 dem
488 3614 668 3667 Formianum
686 3615 749 3667 auf·
798 3616 889 3667 krank
902 3616 1038 3682 gemacht.
1059 3645 1085 3653 —
1105 3612 1279 3683 satisfacies]
1294 3615 1330 3667 im
1354 3622 1358 3631 ’

216 3680 355 3747 gehaltcn.
393 3680 441 3733 Als
464 3682 557 3735 dieser
574 3682 644 3733 nach
662 3683 747 3733 Grie-
799 3683 887 3735 Sinne
899 3700 953 3735 von
967 3683 1074 3751 gratias
1087 3699 1178 3748 agere.

216 3747 353 3800 cbenland
381 3749 461 3816 ging,
490 3749 587 3800 wollte
610 3749 748 3801 Terentia
832 3755 856 3801 2.
871 3749 937 3819 quo}
949 3751 1036 3802 demit
1047 3748 1328 3817 desto—Etiam]

217 3815 287 3867 nach
304 3815 373 3867 Rom
391 3816 601 3869 zuriickkehren
625 3817 682 3869 und
699 3816 747 3868 Ci-
799 3818 928 3885 obgleicb
949 3818 993 3869 icb
1010 3816 1239 3883 Beffirchtungen
1260 3817 1330 3884 hege

216 3899 281 3934 cero
303 3882 352 3933 salt
374 3882 415 3935 sie
436 3884 542 3937 zuletzt
568 3884 620 3935 auf
643 3883 747 3937 seinem
800 3886 857 3937 und
892 3886 973 3937 Eucb
1011 3884 1093 3936 Mutb
1132 3901 1211 3936 auem
1234 3884 1329 3936 ieblen

216 3949 477 4002 GutebeiCumae.
502 3950 668 4003 Anniani
682 3951 748 4003 luhr
799 3952 915 4004 mdchte.
934 3980 967 3989 -
983 3950 1192 4019 ut..sperem]
1207 3902 1329 4003 lessies

216 4032 247 4068 er
265 4016 315 4069 mit
337 4015 442 4069 seiuem
463 4018 555 4070 Sobne
574 4019 644 4071 nach
661 4019 746 4084 Grie-
798 4020 891 4084 boffen
918 4021 992 4084 darf.
1025 4048 1058 4057 -
1078 4021 1236 4071 ubercota
1251 4018 1325 4085 mit]

216 4082 354 4136 cheuland
377 4085 411 4136 ab
437 4085 493 4137 und
517 4086 627 4139 schrieb
649 4088 746 4141 diesen
797 4088 924 4153 „diaden
933 4088 1120 4138 Soldatenam
1129 4087 1329 4138 weitestenauo

215 4150 299 4202 Briei
309 4167 351 4209 am
364 4151 440 4204 Bord
453 4153 501 4207 des
515 4152 645 4209 Schiffes.
799 4156 858 4207 dem
877 4154 957 4221 Wepe
972 4155 1091 4221 liepen.“
1107 4182 1141 4191 -
1156 4155 1257 4205 Fundo
1275 4154 1328 4205 Ar-
