3000 4650
546 230 576 302 Q.
593 229 730 290 TULLIUS
745 230 869 290 sturno.
1222 223 1265 291 55

152 417 212 460 non
227 397 322 458 solum
337 397 494 476 gravitatis,
508 395 559 459 sed
576 413 788 476 nonnunquam
801 397 887 460 ctiam
901 396 1100 466 lentitudinls;
1114 397 1265 459 moderari

154 492 222 546 vero
239 492 267 544 et
281 483 379 542 animo
393 488 421 542 et
433 482 573 552 orationi,
596 487 662 543 cum
675 481 714 543 sis
724 483 832 552 iratus,
847 490 898 544 aut
915 484 1001 543 etiam
1013 489 1112 542 tacere
1123 493 1151 542 et
1162 489 1264 544 tenere

143 572 183 644 in
200 587 252 630 sua
268 573 411 646 potestate
426 574 538 627 motum
552 566 641 626 animi
662 575 690 627 et
711 565 862 637 dolorem,
884 568 938 628 etsi
958 584 1018 627 non
1045 573 1088 628 est
1113 565 1264 645 perfectae

152 654 324 732 sapientiae,
340 658 438 712 tamen
454 660 571 711 estnon
585 651 743 712 mediocris
757 652 876 730 ingenii.
909 652 1004 730 Atque
1024 651 1055 711 in
1074 649 1132 712 hoc
1152 669 1262 730 genere
1284 654 1325 718 39

151 737 244 799 multo
266 743 296 798 te
318 753 382 798 esse
407 737 465 810 iarn
493 735 725 801 commodiorem
752 738 958 814 mitioremque
983 737 1126 798 nuntiant.
1162 734 1264 797 Nullae

153 831 219 884 tuae
240 821 473 884 vehementiores
492 821 580 880 animi
606 821 830 892 concitationes,
857 819 936 882 nulla
961 819 1115 883 maledicta
1142 821 1179 881 ad
1199 839 1264 890 nos,

152 907 248 968 nullae
266 904 458 968 contumeliae
473 906 679 983 perferuntur;
703 922 779 983 quae
800 924 868 967 cum
889 905 1051 967 abhorrent
1066 904 1211 981 alitteris,
1226 905 1263 966 ab

151 993 341 1070 immanitate,
358 997 422 1052 tum
439 1007 510 1052 vero
525 989 673 1050 contraria
690 998 759 1050 suut
773 991 896 1069 imperio
911 1007 946 1051 ac
962 990 1103 1070 dignitati.
1139 989 1223 1058 Nam,
1239 991 1264 1050 si

151 1073 349 1155 implacabiles
367 1073 537 1136 iracundiae
551 1080 628 1142 sunt,
645 1092 759 1138 summa
775 1082 820 1137 est
840 1074 1001 1144 acerbitas;
1027 1075 1071 1136 sin
1094 1082 1191 1136 autern
1214 1092 1264 1134 ex·

152 1159 287 1229 orahiles,
306 1176 420 1220 summa
437 1157 556 1229 leuitas;
579 1176 654 1238 quae
669 1165 783 1230 tamen,
806 1166 838 1222 ut
851 1161 882 1221 ia
899 1160 998 1233 malis,
1015 1159 1166 1222 acerbitati
1182 1165 1287 1248 antc-³

150 1245 287 1326 ponenda
303 1250 355 1306 est.

235 1345 323 1407 Xllll.
343 1345 400 1407 Sed
415 1345 552 1423 quoniam
564 1345 678 1424 primus
690 1361 785 1407 annus
798 1345 900 1408 hahuit
911 1345 1015 1408 dehac
1029 1346 1262 1425 reprehensione
1283 1351 1324 1412 40

150 1433 310 1514 plurimum
326 1431 513 1492 sermonis-
523 1429 613 1491 credo
627 1438 795 1510 propterea,
811 1432 889 1511 quod
901 1431 954 1492 tibi
965 1431 1117 1493 hominum
1130 1431 1264 1500 iniuriae,

151 1517 230 1596 quod
246 1516 397 1586 avaritiae,
422 1515 501 1595 quod
518 1512 670 1576 insolentia
685 1522 804 1594 praeter
822 1519 991 1594 opinionem
1008 1516 1160 1579 accidebat
1177 1524 1206 1578 et
1219 1517 1264 1576 in·

151 1600 310 1665 tolerabilis
324 1599 528 1661 videbatur-
546 1600 694 1661 secundus
707 1605 806 1661 autem
822 1599 913 1662 multo
928 1600 1039 1669 lenior,
1055 1601 1134 1680 quod
1149 1608 1179 1662 et
1194 1617 1265 1661 con·

151 1687 275 1750 suetudo
293 1691 321 1748 et
335 1687 411 1747 ratio
427 1691 465 1754 et,
485 1692 518 1746 ut
533 1701 588 1763 ego
600 1683 739 1756 arbitror,
756 1703 838 1748 meae
854 1703 973 1767 quoque
987 1684 1102 1746 litterae
1113 1694 1141 1746 te
1153 1685 1264 1762 patien-

150 1775 255 1833 tiorem
269 1770 470 1849 lenioremque
484 1771 627 1832 lecerunt:
638 1771 743 1832 tertius
755 1787 849 1833 annus
860 1773 900 1832 ita
912 1770 1001 1832 dehet
1007 1788 1071 1833 esse
1081 1769 1263 1838 emendatus,

152 1865 184 1918 ut
200 1874 238 1918 ne
259 1857 408 1917 minimam
431 1854 548 1934 quidem
564 1871 628 1916 rem
645 1855 799 1933 quisquam
818 1857 909 1934 possit
922 1855 1012 1916 ullam
1033 1854 1263 1934 reprehendere.

151 1942 193 2002 hc
213 1943 269 2002 iam
285 1939 422 2001 hocloco
440 1957 499 2000 non
522 1939 688 2001 hortatione
701 1956 799 2017 neque
813 1943 980 2019 praeceptis
997 1940 1049 2003 sed
1064 1939 1204 2020 precihus
1218 1947 1262 2001 te·
1284 1945 1319 2005 41

152 2044 219 2087 cum
235 2026 372 2086 fraternis
387 2040 452 2102 ago,
468 2031 561 2086 toturn
577 2030 611 2085 ut
625 2025 770 2094 animum,
787 2042 889 2086 curam
904 2027 1170 2104 cogitationemque
1184 2032 1265 2086 tuam

151 2129 244 2191 ponas
264 2111 294 2171 in
317 2110 447 2171 omnium
468 2107 555 2170 laude
575 2109 705 2187 undique
731 2107 904 2188 colligenda.
939 2109 1048 2181 Quodsi
1069 2111 1099 2169 in
1123 2109 1266 2173 mediocri

152 2203 228 2258 statu
251 2195 396 2258 sermonis
417 2211 451 2255 ac
471 2193 697 2274 praedicationis
717 2201 837 2255 nostrae
858 2211 907 2256 res
929 2201 1041 2264 essent,
1063 2193 1134 2256 nihil
1158 2194 1211 2257 ahs
1236 2200 1266 2255 te

152 2281 299 2351 eximium,
322 2276 396 2341 nihil
410 2285 528 2359 praeter
543 2275 667 2339 aliorum
683 2279 925 2341 consuetudinem
941 2278 1148 2359 postularetur.
1180 2279 1266 2342 Nunc

150 2385 220 2429 vero
236 2372 359 2445 propter
373 2381 475 2425 earum
493 2379 604 2432 rerum,
619 2364 651 2424 in
666 2362 772 2443 quihus
786 2366 894 2427 versati
907 2382 1018 2436 sumus,
1034 2365 1221 2445 splendorem
1237 2371 1267 2425 et

151 2449 399 2529 magnitudinem,
422 2449 478 2509 nlsi
494 2463 638 2509 summam
653 2446 769 2509 laudem
786 2468 821 2511 ex
836 2451 892 2511 ista
906 2451 1054 2529 provincia
1071 2450 1265 2528 assequimur,

152 2538 199 2597 vix
217 2533 349 2595 ridemur
367 2549 509 2593 summam
524 2533 766 2611 vituperationem
781 2550 869 2613 posse
883 2536 985 2597 vitare.
1018 2534 1059 2596 Ea
1075 2541 1175 2596 nostra
1191 2534 1265 2594 ratio

152 2628 206 2692 est,
222 2625 255 2681 ut
272 2634 376 2681 ornnes
393 2617 542 2679 bonicum
557 2619 681 2689 faveant,
696 2624 760 2680 tum
777 2620 864 2680 etiam
879 2613 998 2682 omnem
1013 2637 1029 2681 a
1043 2619 1129 2681 nohis
1143 2618 1265 2695 diligen·

152 2706 221 2765 tiam
235 2705 430 2782 virtutemque
445 2709 482 2762 et·
492 2702 640 2781 postulent
660 2709 688 2763 et
703 2710 882 2783 exspectent,
898 2722 1001 2766 omnes
1011 2712 1110 2765 autem
1127 2701 1265 2783 improbi,

153 2790 231 2869 quod
250 2787 378 2850 cum-his
396 2786 506 2850 bellum
525 2788 736 2867 sempiternum
752 2790 950 2867 suscepimus,
972 2788 1016 2851 vel
1036 2789 1155 2849 minima
1175 2786 1264 2849 read

152 2871 428 2956 reprehendendum
446 2873 574 2934 contenti
592 2890 656 2933 esse
671 2872 833 2935 videantur.
849 2874 956 2945 Quare,
973 2874 1111 2953 quoniam
1122 2871 1265 2933 eiusmodi
1286 2875 1327 2936 42

152 2959 300 3021 theatrum
338 2975 369 3019 es
408 2958 543 3027 sortitus,
580 2954 749 3018 celebritate
787 2956 1026 3027 refertissimum,
1065 2955 1266 3034 magnitudine

153 3043 373 3123 amplissimum,
393 3043 501 3103 iudicio
518 3040 757 3111 eruditissimum,
776 3048 881 3103 natura
896 3048 994 3103 autem
1009 3044 1049 3102 ita
1067 3057 1219 3110 resonans,
1234 3046 1266 3100 ut
1358 3075 1362 3079 -

152 3146 246 3209 usque
260 3128 384 3190 Romam
400 3126 627 3206 significationes
641 3143 787 3206 vocesque
800 3126 978 3198 referantur,
994 3126 1155 3198 contende,
1174 3142 1263 3203 quae-

186 3282 228 3332 39.
250 3277 331 3344 tuce]
357 3278 485 3359 condia.
518 3277 577 3330 Das
598 3277 683 3330 Pron.
769 3280 812 3330 40.
830 3275 977 3345 sermonis]
997 3275 1195 3331 Gcrcde.S.z.
1214 3273 1266 3327 ΙΙΙ.

152 3345 561 3479 piqpphppqpseprqqqqunquqs
574 3345 683 3465 quplq·
736 3348 937 3477 131⁶111.·erodsi
950 3438 978 3450 -
997 3410 1103 3477 essent]
1122 3410 1180 3462 Der
1196 3408 1271 3460 Sinn-

153 3486 194 3537 23.
209 3485 232 3533 1.
267 3479 420 3546 Nunquam
438 3486 503 3533 ante
519 3481 641 3533 arbitror
659 3487 684 3531 te
734 3476 1267 3534 istrweununsereVerhiiltnisseall·

152 3550 297 3617 epistolam
312 3564 399 3599 mcum
414 3548 522 3613 legisse,
546 3547 604 3599 nisi
624 3564 684 3598 mea
734 3547 857 3614 tiigliche
870 3548 975 3612 wiron,
989 3547 1034 3599 die
1045 3545 1267 3612 nurwenigvon

152 3616 437 3685 manuscriptum.-
453 3614 684 3681 alitterio]litte-
733 3615 793 3669 sich
817 3614 905 3667 reden
928 3613 1073 3680 machion,
1097 3613 1184 3679 oder,
1212 3628 1268 3663 von

153 3703 202 3737 rae
216 3706 251 3729 =
266 3683 476 3747 wissenschostl.
493 3683 627 3747 Bildunp.
651 3710 684 3719 -
735 3685 826 3737 denen
838 3682 932 3751 wenig
943 3678 1121 3735 Riihmendes
1133 3697 1167 3733 nu
1181 3696 1267 3747 engen

152 3749 336 3831 iracundiae]
367 3751 426 3803 Der
448 3749 525 3801 Plur.
555 3750 604 3801 (les
627 3748 685 3801 Ab·
735 3751 820 3804 wire.

153 3826 305 3873 stractums
329 3825 367 3871 1st
393 3818 440 3870 ihr
463 3834 515 3869 uns
544 3816 622 3869 nicht
649 3832 683 3869 nu
767 3822 810 3870 42.
833 3815 987 3883 theatrum]
1008 3818 1071 3885 Vgl.
1090 3816 1139 3881 §9
1161 3816 1192 3867 in
1209 3816 1269 3867 luce

153 3888 331 3941 ubersetzen.
343 3885 407 3953 Vgl.
420 3889 486 3950 340.
500 3886 640 3937 auaritiae
650 3906 685 3930 ==
735 3887 821 3939 Atiae
837 3902 865 3938 u.
883 3886 960 3940 Fam.
978 3886 1016 3942 11.
1028 3889 1052 3939 6.
1067 3888 1091 3939 1.
1114 3883 1230 3936 &celso
1242 3890 1269 3934 et

153 3955 289 4022 Beispiele
305 3970 359 4005 uon
372 3954 525 4005 Hahsucht.
548 3981 583 3989 —
605 3953 685 4005 utin
720 3954 844 4014 ,illustri
866 3954 924 4005 loco
947 3953 1003 4005 situ
1027 3960 1068 4005 est
1086 3952 1150 4005 laus
1168 3959 1219 4004 tua
1237 3950 1269 4001 in

153 4020 259 4141 malieq
270 4022 297 4074 d.
316 4021 334 4076 i.
351 4038 382 4073 so
400 4021 456 4075 viel
475 4027 557 4075 unter
573 4020 684 4074 Uebcln
734 4022 919 4089 plurimorum
935 4028 962 4073 et
977 4021 1113 4074 sociorum
1130 4018 1269 4071 etcivium

154 4108 187 4143 zu
198 4090 242 4142 wi
261 4090 307 4142 len
318 4089 368 4153 ist,
383 4088 545 4157 wirengen:
559 4090 685 4156 „alerias
736 4096 891 4157 conspectu.
908 4117 941 4127 —
957 4086 1190 4166 significationes]
1210 4085 1268 4137 Des

154 4159 272 4210 kleinerc
287 4157 395 4210 neustr
737 4173 799 4209 vom
811 4157 937 4210 Theater
949 4164 1141 4210 entnommeue
1154 4152 1217 4204 Brld
1230 4151 1270 4203 ist

188 4224 398 4283 uult—xus
417 4225 539 4281 Scotusa.
737 4224 941 4294 durehgeffihrt
958 4225 1014 4279 und
1038 4224 1110 4291 sign.
1133 4220 1197 4273 sind
1222 4217 1268 4270 die
