3000 4650
541 291 862 365 onomiusucuno.
1210 287 1252 352 43

232 460 280 522 ΙΙΙ.
301 461 352 522 His
368 467 465 522 autem
483 461 513 520 iu
531 459 620 520 rebus
635 461 692 520 iam
708 464 737 520 te
752 476 823 520 usus
838 459 902 537 ipsc
916 460 1049 538 proiecto
1061 459 1248 521 erudiritnc·
1272 466 1312 528 10

149 564 293 626 quaquam
310 547 379 607 satis
396 563 459 608 esse
473 547 568 624 ipsum
584 544 637 605 has
654 550 683 606 te
699 543 809 605 habere
824 544 961 614 virtutes,
979 543 1031 604 sed
1047 563 1111 606 esse
1126 547 1251 607 circum-

148 631 331 711 spiciendum
349 631 519 710 diligenter,
535 637 568 690 ut
585 631 615 689 in
633 628 688 690 bac
704 629 834 690 custodia
852 630 1020 707 provinciae
1035 647 1095 690 non
1109 637 1138 691 tc
1150 648 1251 702 unum,

147 717 198 776 sed
222 734 324 777 omncs
345 717 494 777 ministros
514 715 630 794 imperii
652 716 693 776 tui
713 715 800 775 sociis
820 719 849 774 et
871 712 982 774 civibus
1002 721 1030 775 et
1052 716 1096 775 rei
1117 714 1252 793 publicae

147 808 296 879 praestare
311 801 436 862 videare.
471 800 653 878 Quamquam
668 798 781 876 legatos
798 797 889 860 babes
910 816 974 870 cos,
997 800 1046 879 qui
1069 801 1126 878 ipsi
1146 817 1200 878 per
1220 818 1253 862 se

147 886 274 947 habituri
291 888 348 947 sint
366 888 510 946 rationem
526 885 672 962 dignitatis
688 902 775 952 suae;
799 883 835 943 de
856 881 963 965 quibus
981 883 1095 945 bonore
1111 892 1141 945 et
1157 885 1251 962 digui-

148 978 204 1032 tate
221 977 250 1031 et
265 977 358 1031 aetate
372 977 502 1050 praestat
513 969 646 1040 Tubero,
661 987 749 1048 quem
764 985 818 1046 ego
835 967 979 1047 arbitror,
995 970 1169 1046 praesertim
1185 987 1252 1030 cum

146 1055 255 1116 scribat
273 1056 440 1125 historiam,
464 1053 571 1115 multos
591 1073 628 1116 ex
650 1055 712 1115 suis
732 1052 885 1114 annalibus
907 1071 994 1132 posse
1013 1051 1158 1133 deligere,
1179 1071 1252 1134 quos

146 1140 214 1202 velit
229 1148 258 1202 et
276 1143 368 1219 possit
383 1141 506 1208 imitari:
521 1137 639 1201 Alienus
654 1148 751 1200 autem
764 1145 865 1198 noster
876 1145 920 1200 est
930 1156 998 1198 cum
1012 1140 1109 1199 animo
1121 1147 1150 1200 et
1161 1138 1251 1200 bene-

147 1225 287 1295 volentia,
302 1233 364 1286 tum
380 1243 450 1285 vero
467 1226 551 1285 etiam
566 1225 727 1285 imitatione
739 1223 862 1284 vivendi.
893 1222 967 1285 Nam
978 1224 1048 1301 quid
1062 1242 1118 1302 ego
1131 1223 1167 1284 de
1179 1226 1253 1287 Gra·

147 1311 216 1370 tidio
233 1311 346 1371 dicam?
366 1328 453 1390 quem
470 1317 550 1371 certo
564 1311 626 1371 scio
640 1308 678 1369 ita
694 1307 832 1370 laborare
847 1307 884 1368 de
899 1309 1111 1370 existimatione
1131 1327 1199 1380 sua,
1219 1316 1252 1371 ut

144 1392 268 1475 propter
283 1411 413 1455 amorem
429 1396 457 1456 in
474 1413 528 1454 nos
545 1394 706 1455 fraternum
722 1395 809 1454 etiam
824 1392 861 1454 de
875 1401 975 1454 nostra
989 1393 1113 1454 laboret.
1153 1393 1249 1467 Quac-
1271 1401 1309 1460 11

146 1487 256 1541 starem
268 1478 360 1540 habes
371 1497 429 1540 non
446 1485 495 1540 tuo
509 1480 617 1541 iudicio
633 1478 795 1547 delectum,
810 1476 861 1539 sed
878 1495 961 1548 eum,
978 1497 1065 1557 quem
1081 1495 1147 1539 sors
1162 1478 1251 1541 dedit.

145 1563 231 1625 Hunc
252 1571 369 1643 oportet
391 1571 419 1626 et
439 1581 491 1626 sua
517 1572 621 1644 sponte
644 1581 708 1624 esse
729 1563 913 1624 moderatum
935 1569 964 1624 et
985 1565 1042 1623 tuis
1061 1564 1199 1625 institutis
1216 1582 1252 1624 ac

145 1650 310 1729 praeceptis
330 1649 547 1728 obtemperare.¹
591 1646 724 1718 Quorum
747 1648 858 1727 siquis
885 1647 962 1710 iorte
986 1654 1064 1708 essct
1089 1648 1252 1719 sordidior,

147 1733 239 1796 ierres
255 1739 390 1806 eatenus,
405 1734 502 1813 quoad
517 1753 571 1813 per
586 1751 617 1795 se
633 1733 796 1812 negligeret
810 1751 859 1793 eas
874 1732 971 1810 leges,
987 1731 1095 1811 quibus
1110 1739 1187 1793 esset
1202 1733 1252 1794 ad·

146 1820 278 1888 strictus,
304 1837 363 1879 non
385 1826 416 1879 ut
437 1837 471 1880 ea
493 1825 652 1899 potestate,
675 1836 763 1897 quam
778 1826 810 1879 tu
823 1817 860 1879 ad
875 1817 1043 1894 dignitatem
1058 1818 1251 1895 permisisses,

146 1904 182 1964 ad
197 1909 350 1983 quaestum
365 1911 506 1965 uteretur.
549 1904 650 1983 Neque
671 1905 747 1965 enim
770 1902 841 1963 mibi
861 1921 932 1964 sane
946 1901 1057 1981 placet,
1078 1903 1253 1981 praesertim

147 2007 213 2049 cum
235 1989 265 2049 hi
286 2005 386 2050 mores
406 1995 519 2050 tanturn
540 1991 597 2050 iam
615 1988 650 2049 ad
667 1989 788 2048 nimiam
805 1987 952 2048 lenitatem
968 1986 1046 2048 etad
1063 1987 1252 2048 ambitionem

145 2073 345 2145 incubuerint,
370 2077 497 2136 scrutari
519 2078 548 2134 te
568 2091 670 2134 omues
687 2073 806 2141 sordes,
834 2078 972 2132 excutere
993 2090 1085 2133 unum
1107 2090 1254 2152 quemque

147 2175 264 2227 eorum,
280 2157 341 2227 sed,
358 2166 465 2238 quauta
480 2157 516 2220 sit
530 2161 559 2219 in
579 2177 696 2238 quoque
712 2157 800 2226 tides,
815 2165 927 2217 tantum
941 2157 1047 2236 cuique
1058 2159 1251 2218 committere.

146 2243 240 2321 Atque
251 2244 327 2303 inter
339 2243 393 2304 hos
405 2261 470 2313 eos,
495 2261 569 2323 quos
586 2242 637 2303 tibi
653 2243 775 2303 comites
788 2248 817 2301 et
831 2241 979 2302 adiutores
999 2243 1183 2320 negotiorum
1198 2260 1253 2321 pu·

144 2326 288 2390 biicorum
302 2328 382 2389 dedit
393 2330 454 2409 ipsa
467 2346 515 2390 res
528 2328 655 2409 publica,
667 2328 817 2389 dumtaxat
828 2327 934 2389 tinibus
945 2328 981 2388 iis
991 2327 1162 2407 praestabis,
1179 2344 1253 2407 quos

144 2422 210 2473 ante
225 2414 411 2492 praescripsi.

144 2596 241 2676 Pomp.
258 2597 275 2659 S
293 2599 333 2647 13.
365 2597 400 2649 lo
410 2596 583 2665 provinciam
596 2598 670 2649 eius·
723 2597 793 2650 nach
811 2597 873 2650 dem
885 2596 1057 2649 statibalter
1075 2596 1254 2649 derbdcbste

143 2664 216 2715 mods
238 2663 360 2715 homines
378 2682 439 2715 cum
455 2666 570 2731 imperio
586 2666 670 2716 mitti·
721 2666 836 2718 Beamte
855 2666 906 2718 der
922 2664 1061 2732 Provinz,
1080 2665 1167 2717 deren
1185 2664 1253 2717 Eiu-

143 2748 215 2797 mus‚
236 2737 268 2783 ut
283 2732 367 2784 etiarn
383 2734 408 2784 si
429 2734 463 2784 ob
484 2734 560 2785 bosio
577 2734 670 2800 defen-
722 2734 821 2785 kdnfte
841 2734 897 2785 und
914 2732 1065 2800 Ausgaben
1084 2751 1115 2785 er
1133 2750 1168 2784 zu
1188 2750 1253 2785 ver-

144 2800 224 2864 duni,
242 2806 334 2851 tomen
350 2801 474 2868 ipsorum
490 2802 670 2853 adventasse
721 2801 825 2853 walten
843 2800 930 2852 batte.
967 2801 1030 2853 Scit
1042 2800 1121 2853 Sulla
1135 2802 1253 2853 worden

145 2869 223 2918 urbes
252 2867 388 2920 sociorum
415 2886 472 2920 oon
495 2870 612 2921 multum
635 2871 669 2921 ab
718 2868 803 2935 jiibrl.
822 2873 855 2920 20
873 2867 1008 2934 gewdhlt‚
1028 2869 1165 2920 darunter
1183 2868 1253 2920 uwel

143 2935 236 2986 hostili
248 2938 453 3003 expugnatione
465 2938 605 3001 differunt.
723 2936 836 2998 urbaui;
851 2943 932 2987 unter
947 2934 992 2987 die
1008 2936 1126 3002 librigeu
1137 2940 1168 2987 18
1179 2953 1254 2987 wur-

722 3004 776 3055 den
790 3003 835 3056 die
845 3002 1005 3055 Provinxeu
1019 3003 1107 3055 durch
1119 3004 1169 3055 das
1179 3004 1253 3055 Loos

176 3068 227 3119 III.
258 3067 316 3121 Der
338 3070 507 3122 Stattltolter
529 3088 604 3123 muse
627 3072 671 3123 ein
723 3070 1253 3138 vertbeilt.-persleeirsicb,obue

143 3138 389 3205 wucbsnmeedupe
399 3139 503 3205 ausdic
513 3139 569 3191 ibm
578 3147 672 3191 under·
723 3139 785 3191 eine
801 3157 854 3191 ron
867 3140 919 3193 Dir
932 3138 985 3191 ihm
999 3139 1182 3192 fiberlassene
1196 3141 1252 3192 Ge·

140 3204 257 3269 gebennen
270 3206 463 3259 &ootsdiener
474 3208 572 3262 babeo.
723 3208 792 3260 walt
802 3224 837 3258 zu
850 3206 1069 3259 missbraucben.
1087 3234 1122 3245 -
1140 3216 1209 3259 esset
1223 3238 1253 3245 -

721 3274 910 3343 permisisses]
930 3275 987 3328 Der
1000 3276 1081 3342 Conj.
1095 3275 1123 3325 in
1137 3275 1187 3326 der
1199 3276 1254 3327 Er-

178 3340 217 3389 10.
235 3341 393 3408 praestare]
404 3340 586 3409 juristischer
598 3341 670 3393 Aus—
722 3344 853 3410 giinzung
875 3342 952 3394 eines
971 3342 1125 3409 gedachten
1145 3343 1253 3399 sbtzes.

144 3404 246 3457 druclr:
270 3406 320 3471 fair
342 3409 409 3461 Jcm.
429 3410 559 3472 (iendis,
579 3409 671 3475 Bere·
722 3411 791 3462 —bi
800 3408 899 3475 mores]
912 3410 956 3461 die
962 3410 1188 3477 jctzipenb‘itten,
1200 3410 1253 3463 wie

141 3473 235 3539 sebast
251 3474 360 3539 leistm,
379 3476 484 3542 hasten.
503 3506 527 3513 -
546 3476 667 3545 legatos]
721 3478 788 3529 baec
803 3478 869 3529 urbs
884 3478 975 3543 diosc,
990 3478 1037 3530 die
1045 3476 1252 3543 biesigeStadt,

142 3541 194 3593 Die
207 3540 332 3608 Legaten
352 3544 467 3595 worden
486 3562 548 3597 vom
566 3546 670 3597 Senate
720 3545 748 3595 in
769 3546 819 3596 der
837 3545 882 3595 ich
900 3543 962 3609 bin,
987 3546 1053 3597 buce
1074 3544 1186 3610 nepotis
1207 3545 1253 3597 die

142 3617 264 3660 ernannt
286 3610 355 3662 aber
379 3611 428 3663 mit
443 3612 597 3664 Riicksicbt
621 3614 673 3664 anf
720 3612 847 3679 biesigen
865 3612 1130 3680 Angelegenheiten.
1155 3612 1252 3679 Vergl.

142 3676 194 3727 den
209 3678 333 3729 Wunscb
345 3679 461 3745 descen,
479 3680 539 3731 dem
557 3679 599 3733 sie
611 3680 671 3731 bei·
721 3683 737 3744 S
751 3683 793 3761 34²
805 3682 855 3761 boc
866 3680 981 3815 imperio
994 3680 1039 3761 fiir
1051 3681 1118 3800 imp.
1128 3680 1207 3761 Rom.
1218 3708 1253 3719 —

141 3744 670 3881 illidattittltnmltlttlb
720 3749 1086 3883 illitteratam
1100 3747 1253 3869 attilii

140 3880 321 3961 Jugendanf
339 3882 518 3937 beireundet.
542 3910 574 3921 -
596 3882 670 3935 Nam
721 3884 771 3965 der
784 3884 1016 3966 Untergebeuep,
1036 3900 1076 3935 orn
1092 3902 1145 3936 von
1158 3884 1252 3935 dieser

140 3946 668 4083 ttae‘'llllrlttliienitb
718 3951 1252 4085 latitatelffbtttlttthttolte

141 4084 297 4139 verivandt.
315 4093 437 4137 -certo
454 4085 526 4155 seio]
547 4086 576 4137 S.
594 4086 667 4137 z.11.
719 4087 908 4137 unterde'esen
921 4087 1035 4137 benten.
1071 4086 1124 4139 Die
1141 4087 1250 4137 comites

145 4156 195 4207 23.
208 4153 467 4221 —exieiimatioue]
482 4155 509 4206 S.
523 4153 668 4206 z.1.17.2.
719 4182 751 4190 -
768 4161 857 4219 negot.
882 4154 1020 4220 (Legaten
1039 4154 1096 4205 und
1112 4153 1250 4214 Qudstor)

719 4220 816 4271 bilden
834 4219 886 4271 den
900 4222 1061 4287 Gegensutz
1074 4236 1108 4270 zu
1121 4220 1175 4268 den
1188 4221 1204 4279 s
1219 4221 1249 4265 12

174 4280 668 4356 ILQubestorem]DerQudstorwar
718 4288 898 4340 Genennten.
