3000 4650
225 224 269 289 80
632 227 916 313 utenhusen.

209 395 268 456 tius
281 392 468 473 complexum
483 392 556 454 mihi
574 401 660 456 tuum
678 394 820 464 defuisse,
842 412 930 474 quem
951 392 1042 456 semel
1055 402 1159 456 nactus
1173 409 1325 473 nunquam

211 480 364 548 dimisum
379 496 423 549 ac,
438 479 495 540 nisi
509 481 597 540 etiarn
612 480 837 557 praetermissos
850 480 966 540 tructus
981 486 1048 540 tuae
1070 479 1221 542 suavitatis
1238 496 1325 556 prae·

210 565 290 626 teriti
307 565 449 641 temporis
469 581 573 625 onmes
586 579 729 640 exegero,
752 563 886 642 protecto
907 562 964 622 hac
977 564 1164 624 restitutione
1187 563 1326 624 fortunae

173 655 192 716 3
213 649 339 726 meipso
358 665 420 707 uon
439 648 510 709 satis
529 647 652 725 dignum
670 647 818 709 iudicabo.
861 647 923 708 Nos
944 643 1040 708 adhuc
1059 649 1090 708 in
1108 655 1212 708 nostro
1237 655 1326 718 statu,

211 733 290 813 quod
314 729 484 792 difficillime
510 732 682 810 recuperari
707 749 795 810 posse
827 730 962 792 arbitrati
993 749 1111 808 sumus,
1135 731 1330 811 splendorem

210 825 346 879 nostrum
367 814 451 877 illum
471 815 620 877 forensem
641 824 670 877 et
688 817 720 876 in
740 822 845 876 senatu
868 816 1072 878 anctoritatem
1099 823 1130 878 et
1150 815 1228 894 apud
1247 817 1327 877 viros

210 901 307 962 honos
322 902 448 978 gretiam
461 901 570 977 magis,
585 917 675 977 qnam
690 907 841 978 optentus,
855 901 1005 962 consecuti
1019 917 1131 962 sumus.
1165 901 1200 962 ln
1220 919 1255 961 re
1274 918 1327 962 au-

210 993 272 1048 tem
285 983 430 1055 familiari,
446 1002 521 1062 quae
536 984 786 1062 quemadmodum
802 984 904 1054 tracta,
920 985 1068 1062 dissipata,
1084 985 1198 1065 direpta
1209 985 1255 1054 sit,
1266 1001 1329 1046 non

211 1072 340 1148 ignoras,
355 1067 438 1130 valde
454 1068 625 1131 laboramus
638 1075 817 1148 merumque
832 1086 893 1152 non
907 1076 967 1132 hm
981 1068 1169 1139 lactrltatunr,
1183 1087 1257 1149 quas
1271 1086 1328 1148 ego

210 1162 327 1214 nostras
342 1171 407 1215 esse
420 1152 527 1224 iudico,
544 1171 633 1232 quam
647 1151 839 1215 consiliorum
854 1151 891 1214 ad
905 1151 1085 1231 colligendas
1103 1161 1134 1216 et
1146 1155 1329 1214 constituen-

173 1246 194 1305 4
214 1236 267 1300 das
285 1236 423 1316 reliquias
436 1245 554 1298 nocuas
571 1237 745 1316 indigemus.
779 1236 875 1307 Nunc,
890 1238 944 1298 etsi
958 1237 1058 1298 omnia
1076 1245 1126 1298 aut
1139 1238 1248 1316 scripta
1262 1253 1328 1298 osse

212 1340 230 1383 a
255 1323 313 1383 tuis
339 1320 468 1382 arbitror
495 1329 546 1385 aut
573 1322 661 1382 etiarn
682 1322 793 1382 nuntiis
817 1338 853 1382 ac
870 1338 993 1382 rumore
1013 1320 1142 1398 perlata,
1167 1328 1266 1383 tamen
1293 1339 1328 1382 ea

212 1406 340 1490 scribam
354 1405 452 1474 brevi,
468 1422 545 1486 quae
567 1413 597 1466 te
611 1413 683 1484 puto
701 1407 888 1483 potissimum
907 1423 943 1466 ex
963 1407 1037 1466 mois
1056 1405 1163 1468 litteris
1181 1405 1256 1466 velle
1277 1423 1328 1466 co-

212 1508 366 1570 gnoscere.
388 1490 486 1552 Pridie
501 1490 600 1552 Nonas
620 1490 701 1552 Sext.
718 1488 903 1570 Dyrrhachio
923 1507 990 1550 sunr
1004 1490 1169 1568 protectus,
1191 1493 1256 1569 ipso
1276 1489 1328 1550 illo

213 1574 274 1646 dle,
297 1593 354 1654 quo
369 1573 417 1635 lex
434 1582 479 1636 est
496 1573 554 1636 lata
578 1575 616 1636 de
637 1573 732 1636 uobis.
767 1573 958 1636 Brundisium
978 1575 1045 1634 reni
1056 1573 1149 1634 Nonis
1165 1575 1245 1635 Sext.
1283 1573 1329 1635 lhi

212 1659 285 1720 mihi
299 1657 424 1720 Tulliola
442 1676 510 1720 mea
528 1659 587 1720 fuit
607 1666 727 1738 praesto
741 1657 833 1720 natali
847 1676 901 1720 suo
922 1659 987 1736 ipso
1008 1657 1071 1727 die,
1090 1660 1142 1737 qui
1162 1675 1232 1720 casu
1248 1657 1328 1719 idem

214 1741 317 1804 natalis
338 1750 402 1805 erat
423 1751 453 1804 et
469 1742 665 1804 Brundisinae
687 1740 819 1812 coloniae
843 1749 872 1804 et
890 1750 959 1802 urae
981 1743 1093 1803 vicinae
1109 1741 1231 1810 Salutis:
1252 1759 1329 1822 quae

212 1845 262 1888 res
275 1827 477 1888 animadversa
495 1846 514 1888 a
533 1826 719 1888 multitudine
736 1844 852 1888 summa
866 1825 1113 1909 Brundisinorum
1133 1826 1328 1906 gratulatione

214 1910 360 1972 celebrata
371 1919 425 1972 est.
449 1913 524 1972 Ante
535 1911 616 1972 diem
624 1931 668 1974 vr.
679 1910 723 1972 ld.
735 1911 815 1972 Sext.
831 1912 965 1988 cognovi,
980 1929 1047 1972 cum
1059 1911 1208 1972 Brundisii
1223 1929 1327 1980 essem,

214 1995 317 2056 litteris
332 1994 430 2067 Quinti
445 1997 560 2066 fratris,
582 1995 706 2056 mirilico
720 1995 818 2056 studio
838 1996 971 2055 omnium
988 2001 1116 2066 aetatum
1138 2003 1226 2074 atque
1249 1994 1337 2056 ordin

212 2181 282 2244 ben,
311 2180 380 2232 aber
408 2195 461 2231 auc
507 2196 538 2231 so
563 2197 593 2231 sc
612 2184 673 2232 ernt
726 2197 742 2231 e
794 2180 871 2232 5.15.
889 2185 1327 2230 cueueutomattumrmrttmuru-

461 2178 479 2230 h
594 2179 638 2230 h'
695 2178 726 2231 di
929 2177 936 2190 ’
1075 2178 1082 2191 ’
1165 2179 1171 2191 ”

214 2245 350 2298 Schwier‘
372 2245 433 2297 leit
453 2245 530 2298 nicht
555 2246 681 2313 gehoben
706 2262 742 2298 zu
795 2245 982 2318 diliaecelero
993 2245 1097 2297 urbani
1114 2246 1276 2298 consulamus
1291 2265 1327 2290 =

214 2313 285 2367 sein.
308 2312 352 2366 An
372 2330 420 2366 ere
433 2313 582 2367 schreiben
594 2314 645 2367 mit
661 2315 742 2383 gros·
796 2313 862 2378 „die
882 2330 913 2365 er
931 2313 973 2366 als
992 2311 1099 2366 Consul
1118 2313 1148 2366 in
1171 2313 1223 2367 der
1240 2311 1326 2365 stadt

214 2398 293 2435 rerer
305 2381 498 2449 Abvreiehnng
508 2400 565 2433 von
577 2383 632 2435 den
644 2382 744 2435 Hand·
797 2381 973 2448 begongen.“
996 2380 1090 2445 (Naeh
1109 2382 1245 2450 Nigeleb'.
1259 2380 1326 2435 stit.

215 2450 354 2503 achrilton
371 2466 422 2530 nec
441 2450 528 2514 (oder
546 2447 638 2529 [πασῃ
658 2451 743 2501 etiam
795 2466 826 2529 ρ.
847 2450 920 2514 273.)
961 2448 1152 2529 Uehersetzer
1173 2449 1326 2531 'meruleta

213 2524 443 2649 tttttTttdt
460 2518 745 2636 ffldd‘tiliili
794 2516 982 2662 illidii„
997 2517 1326 2651 ‘'infidelibus-{⁰¹33

216 2653 264 2704 des
282 2651 431 2703 einfecheu
444 2667 532 2718 neque
545 2651 614 2703 oder
630 2668 680 2702 nec
691 2652 743 2715 (a
793 2666 847 2700 mer
864 2650 896 2700 in
914 2651 963 2701 der
974 2666 1168 2716 uerqunyenen
1181 2650 1245 2703 Zer't
1255 2652 1326 2703 leode

215 2721 275 2771 und
283 2719 356 2770 aucte
364 2718 454 2780 nicht)
465 2717 607 2785 enstdsaig
618 2717 743 2783 istoder
794 2718 927 2781 entqeherr
939 2718 1033 2767 hosen
1046 2734 1075 2769 u.
1088 2735 1110 2769 s.
1124 2736 1155 2773 w.

215 2803 264 2839 nee
277 2821 386 2852 ........
408 2785 493 2838 etiam
512 2803 564 2866 pro
586 2786 743 2905 {raeterr'to
828 2788 853 2837 3.
872 2801 955 2851 quum
973 2784 1115 2851 optamus]
1137 2786 1182 2837 alr
1199 2787 1326 2859 urredieh

215 2862 265 2907 eto.
279 2852 577 2906 rnitAnnahmeeruer
613 2854 692 2905 dolie.
794 2852 845 2916 ist,
872 2850 937 2904 weil
961 2850 1050 2903 demit
1073 2852 1145 2904 ench
1169 2852 1256 2905 leicht
1279 2853 1326 2906 die

248 2925 274 2972 2.
307 2920 556 2993 uem..dimr⁰oero]
571 2922 659 2973 Sonst
669 2920 744 2972 steht
796 2917 874 2971 alten
892 2918 1115 2971 Beindschalten
1134 2916 1241 2971 wieder
1260 2936 1326 2971 aus-

216 2989 266 3040 das
290 2938 392 3040 Butur.
417 2995 546 3039 exactum
570 2988 607 3039 inr
630 2988 744 3053 Haupt·
795 2986 918 3039 brecheu
929 2986 1063 3038 kounten.
1079 3014 1111 3023 -
1128 3004 1158 3038 re
1168 2985 1322 3053 familiari]

216 3062 308 3117 ratze,
333 3072 377 3105 wo
401 3053 486 3106 echon
511 3055 562 3106 der
580 3055 742 3107 Nebensatz
794 3053 863 3105 Seia
888 3054 1044 3118 Verindgeu
1069 3070 1129 3105 wer
1154 3052 1326 3119 eingeuogen

216 3122 261 3174 ein
280 3120 389 3173 solches
407 3112 516 3173 euthdlt
538 3122 624 3187 (deun
642 3128 744 3173 noctur
795 3119 1152 3186 worden—facultatum]
1170 3120 1327 3187 Verrudqen.

216 3188 562 3257 ist=sirraetuoero),unr
572 3188 744 3241 desschnel·
828 3191 855 3238 4.
877 3186 956 3255 ipso]
972 3188 1075 3251 yerude
1092 3188 1121 3239 S.
1140 3204 1164 3239 z.
1183 3187 1207 3238 Ι.
1225 3190 1266 3239 18.
1283 3192 1325 3241 38.

217 3259 243 3310 le
279 3254 479 3309 nnmittelbare
506 3255 659 3310 Eintreten
693 3254 745 3308 der
797 3253 938 3320 -tidemJ
962 3254 1043 3306 auch.
1073 3254 1103 3307 S.
1127 3270 1151 3307 z.
1177 3256 1200 3308 Ι.
1224 3258 1266 3309 18.
1284 3260 1326 3312 30.

217 3324 370 3391 Handlung
382 3325 430 3376 des
442 3324 635 3393 Hauptsatzee
647 3340 683 3376 un
692 3323 744 3375 be·
795 3322 1028 3375 —Brundr'sr'uae
1036 3322 1171 3390 coloniae]
1182 3323 1328 3377 niestadt

205 3392 363 3472 ·zeichuen.
385 3392 417 3472 Ζ.
430 3391 462 3443 Β.
473 3392 535 3472 titt.
548 3392 585 3444 Π.
597 3395 639 3445 24.
653 3395 679 3443 5.
696 3407 746 3471 ‘re-
797 3406 858 3442 war
882 3388 988 3442 damals
1006 3388 1210 3471 Municipinnr,
1228 3391 1327 3445 wurde

217 3458 745 3593 {l‘s'i‘r's‘i'slhlssrillfldfflihiffdl
796 3456 1263 3593 tlt„tlstdttldrdtltt
1276 3484 1327 3579 d}
1380 3576 1389 3595 ,

218 3597 252 3647 de
266 3593 339 3646 Dicte
347 3594 471 3645 -niemule
486 3595 628 3647 eutlassen
645 3594 745 3657 louhen,
797 3592 882 3645 Salus
896 3592 943 3659 lag
954 3592 1002 3645 bei
1011 3592 1074 3645 dein
1082 3592 1180 3645 Heuse
1191 3592 1239 3647 des
1249 3593 1324 3646 Atti-

218 3664 245 3718 d.
257 3663 276 3713 i.
289 3662 335 3713 uie
346 3662 416 3715 wird
428 3662 473 3713 die
485 3660 549 3713 Zeit
560 3662 691 3726 horumce,
704 3677 746 3711 wo
797 3676 847 3712 cns
861 3661 912 3712 aul
922 3660 985 3713 dem
995 3658 1141 3722 Quirinal.
1153 3689 1186 3697 -
1199 3680 1218 3712 a
1230 3659 1324 3713 multi-

218 3730 262 3781 iclr
273 3729 346 3781 Dicte
358 3729 500 3809 entluseeu
517 3729 595 3809 liobe.
613 3758 645 3767 -
656 3745 746 3809 'prae-
796 3727 895 3807 tudine
907 3767 914 3781 .
928 3762 936 3777 .
950 3762 956 3776 .
970 3726 1026 3792 ert]
1042 3726 1095 3807 llic
1107 3726 1262 3809 Lesartist
1275 3743 1325 3778 un-

217 3794 748 3933 lttttdtttttl„lhlttdtttt
797 3794 1326 3938 ttltetlttdtl¹⁶tltdt‘dt0dtt3

150 3995 152 4000 Ι
219 3930 308 3983 durch
317 3931 398 3983 einen
408 3929 748 3999 praepositiouelendus-
797 3928 936 3981 wesrhalb
977 3928 1148 3996 neuerdings
1184 3926 1325 3980 Hoimann

220 3999 310 4050 druch
334 3998 403 4051 oder
426 3998 515 4051 durch
538 3998 601 4051 eine
629 3997 747 4051 verbale
799 3995 936 4048 schreibtz
956 4012 974 4047 u
991 3996 1087 4049 multis
1104 3996 1198 4047 studio
1210 4011 1323 4046 summo.

219 4066 370 4132 Wendung
397 4065 597 4133 wiedergeben
624 4065 745 4119 missen.
797 4064 839 4116 Inr
863 4062 1027 4130 Folgenden
1055 4062 1202 4115 schreiben
1232 4062 1325 4129 einIge

220 4132 301 4184 Caes.
319 4133 353 4184 B.
372 4134 408 4184 G.
426 4132 477 4184 ΠΙ.
496 4136 537 4186 18.
570 4134 747 4201 superiorum
798 4130 1182 4194 firdoneetisoimr'sornutus,
1193 4144 1325 4183 wesmen

220 4201 327 4253 dierum
342 4200 440 4252 satiet
456 4201 596 4266 ooqitutio.
631 4200 703 4253 Phil.
721 4204 746 4253 l.
799 4196 1325 4253 durehdenabsolutenGebreuchvou
