3000 4650
235 221 297 286 162
626 227 686 285 tin.
703 227 965 286 rumunnense

235 409 300 456 eam
315 393 480 471 suscipere,
502 395 628 454 maxima
643 399 696 461 est,
714 410 830 472 quaque
846 409 901 471 ego
917 392 1046 472 quotidie
1061 392 1154 471 magis
1170 399 1252 454 utor:
1277 411 1353 454 con·

234 478 385 540 scientiam
399 484 498 539 rectae
515 477 673 539 voluntatis
688 479 846 538 maximam
860 475 1090 538 consolationem
1109 495 1174 538 esse
1188 495 1290 539 rerum
1300 480 1351 538 in-

234 561 454 624 commodorum
468 579 525 624 nec
541 579 605 625 esse
619 561 712 623 ullum
727 578 868 640 magnum
884 561 994 622 malum
1013 564 1132 639 praeter
1153 561 1279 641 culpam.
1321 563 1350 623 Α

233 665 290 728 qua
304 648 443 728 quoniam
456 651 569 708 tantum
585 645 740 717 absumus,
763 652 797 706 ut
819 647 907 706 etiam
924 647 1034 724 optime
1048 648 1239 715 senserimus,
1258 664 1347 708 eren·

181 735 182 738 ’
232 739 338 811 tusque
353 732 446 809 magis
460 731 554 793 nostri
569 729 681 791 consilii
695 745 783 809 quam
800 728 956 790 consilium
969 730 1214 809 reprehendatur,
1231 737 1261 792 et
1272 750 1348 811 quo-

209 839 210 844 *
233 817 312 877 uiam
327 816 543 894 praestitimus
567 815 647 894 quod
662 813 833 884 debuimus,
855 813 1024 885 moderate,
1048 815 1128 893 quod
1146 817 1251 884 evenit,
1268 817 1348 876 lera-

232 919 308 962 mns.
353 900 411 960 Sed
425 900 483 959 hoc
501 899 574 960 mihi
585 905 684 960 tamon
698 914 761 958 non
775 915 875 966 sumo,
891 907 926 960 ut
941 905 970 960 te
985 899 1121 960 consoler
1131 899 1168 960 de
1184 901 1348 970 commuui-

234 985 291 1045 hus
309 984 445 1052 miseriis,
459 1001 533 1062 qnae
549 983 585 1043 ad
601 981 814 1044 consolandum
830 982 950 1043 maioris
968 984 1077 1062 ingenii
1092 989 1122 1045 et
1139 984 1176 1044 ad
1191 984 1348 1044 terendum

233 1067 389 1148 singularis
403 1068 520 1127 virtutis
533 1066 675 1144 indigent.
699 1065 775 1127 lllud
790 1066 881 1127 cuivis
898 1065 985 1128 facile
1000 1074 1045 1129 est
1059 1068 1177 1138 docere,
1194 1085 1248 1128 cur
1261 1085 1346 1146 prae·

208 1210 211 1218 .
235 1153 320 1231 cipue
334 1159 367 1212 tu
384 1150 486 1212 dolere
501 1149 574 1211 nihil
588 1150 705 1212 debeas.
737 1149 808 1211 Eius
823 1151 916 1218 enim,
939 1153 989 1228 qni
1005 1152 1118 1213 tardior
1136 1154 1168 1212 in
1181 1158 1212 1212 tc
1225 1150 1349 1212 levando

232 1239 302 1306 luit,
326 1253 414 1313 quam
434 1235 498 1296 lore
511 1241 693 1314 putaremus,
709 1251 770 1295 uon
784 1242 830 1295 est
843 1235 917 1296 mihi
935 1235 1025 1297 dubia
1040 1236 1076 1298 de
1097 1243 1148 1298 tua
1171 1234 1265 1297 salute
1279 1253 1346 1297 sen·

231 1322 337 1388 tentia;
363 1320 400 1380 de
423 1318 479 1380 illis
499 1328 679 1380 autemnon
703 1317 834 1379 arbitror
863 1326 893 1380 te
919 1328 1109 1400 exspectare,
1125 1322 1197 1400 quid
1212 1322 1344 1381 sentiam.

189 1409 207 1470 3
230 1404 387 1484 Reliquum
403 1413 460 1473 est,
478 1413 512 1465 ut
523 1411 551 1465 te
566 1412 667 1483 angat,
683 1403 764 1482 quod
781 1402 860 1465 absis
874 1421 892 1464 a
906 1405 965 1464 tuis
981 1405 1102 1466 tamdiu.
1136 1406 1196 1468 Res
1213 1405 1354 1474 molesta,¹

232 1490 406 1567 praesertim
421 1487 458 1549 ab
472 1489 508 1550 iis
521 1490 638 1568 pueris,
660 1487 770 1566 quibus
795 1487 868 1548 nihil
889 1496 987 1568 potest
1008 1507 1072 1551 esse
1093 1490 1234 1551 festivius.
1273 1489 1346 1558 Sed,

231 1579 265 1634 ut
295 1573 333 1634 ad
351 1580 381 1634 te
396 1573 500 1651 scripsi
522 1580 622 1642 antea,
645 1579 762 1651 tempus
784 1579 828 1634 est
846 1571 1030 1642 huiusmodi,
1059 1580 1091 1634 ut
1118 1591 1202 1636 suam
1224 1574 1345 1653 quisque

232 1658 435 1719 condicionem
449 1657 645 1718 miserrimam
657 1665 741 1734 putet
756 1663 794 1727 et,
816 1655 867 1717 ubi
880 1659 1005 1738 quisque
1020 1659 1072 1727 sit,
1095 1657 1136 1718 ibi
1150 1676 1217 1720 esse
1226 1659 1346 1719 minime

231 1741 309 1803 velit.
354 1740 513 1820 Equidem,
536 1757 591 1804 nos
603 1741 681 1820 quod
696 1739 808 1802 Rornae
822 1758 938 1811 sumus,
961 1742 1162 1804 miserrimum
1178 1761 1244 1806 esso
1258 1743 1345 1810 duco,

231 1843 291 1887 uon
306 1827 403 1888 solum
414 1825 494 1904 quod
509 1826 539 1886 in
555 1824 640 1885 malis
652 1823 790 1886 omnibns
805 1823 942 1886 acerbius
954 1836 999 1888 est
1017 1827 1117 1888 videre
1132 1845 1220 1906 quam
1233 1826 1344 1895 audire,

232 1911 284 1972 scd
312 1913 400 1972 etiam
423 1909 502 1988 quod
528 1909 564 1970 ad
585 1927 688 1970 omnes
722 1927 808 1971 casus
837 1907 1002 1971 subitorum
1022 1911 1225 1990 periculorum
1252 1910 1346 1988 magis

233 1993 341 2056 obiecti
363 2011 481 2062 sumus,
505 1994 630 2073 quamsi
646 1993 832 2062 adessemus
857 1995 910 2055 etsi
927 1995 1105 2072 meipsum,
1129 1994 1344 2058 consolatorem

231 2086 331 2146 tunm,
352 2096 413 2139 non
426 2085 539 2139 tantum
553 2077 681 2147 litterae,
713 2077 820 2157 quibus
843 2094 961 2156 semper
988 2081 1101 2152 studui,
1124 2085 1265 2160 quantum
1281 2077 1346 2139 lon·

191 2164 216 2234 4
234 2165 380 2242 ginquitas
401 2163 544 2240 temporis
564 2163 713 2240 mitigavit.
759 2161 874 2233 Quanto
905 2163 1013 2225 luerim
1033 2165 1152 2235 dolore,
1176 2163 1343 2242 meministi.

233 2248 267 2308 ln
280 2266 338 2328 quo
353 2247 447 2329 prima
463 2245 512 2306 illa
528 2246 687 2308 consolatio
700 2255 752 2317 est,
768 2248 875 2309 vidisse
889 2265 939 2308 me
952 2246 1019 2328 plus
1034 2268 1122 2329 quam
1134 2255 1258 2316 ceteros,
1276 2264 1345 2308 cum

236 2332 390 2413 cupiebam
404 2333 535 2413 quamvis
549 2332 649 2409 iniqua
665 2333 839 2395 condicione
855 2349 967 2410 pacem.
1013 2334 1099 2406 Quod
1114 2336 1170 2395 etsi
1184 2350 1262 2404 casu,
1283 2348 1345 2392 nou

237 2418 413 2479 divinatione
426 2435 492 2477 mea
507 2416 617 2479 factum
641 2425 699 2485 est,
722 2417 868 2478 tamenin
888 2416 944 2478 hac
963 2418 1043 2479 inani
1063 2418 1239 2498 prudentiae
1258 2415 1344 2477 lande

236 2502 376 2564 delector.
419 2500 546 2572 Deinde,
570 2499 649 2577 qnod
668 2499 741 2562 mihi
765 2501 802 2562 ad
821 2501 1050 2564 consolationem
1068 2520 1227 2565 commune
1246 2509 1345 2564 tecum

234 2595 292 2657 est,
315 2587 341 2647 si
353 2586 411 2647 iam
425 2603 515 2645 vocer
530 2584 566 2644 ad
578 2585 688 2646 exitum
702 2586 786 2656 vitae,
801 2603 862 2646 non
872 2584 910 2646 ab
926 2605 960 2647 ea
973 2604 1008 2648 re
1021 2586 1139 2664 publica
1154 2585 1270 2655 avellar,
1288 2602 1344 2663 qua

233 2670 393 2731 carendum
410 2686 474 2730 esse
489 2666 619 2738 doleam,
642 2669 817 2749 praesertim
833 2688 900 2731 cum
914 2671 944 2732 id
957 2672 1021 2733 sine
1035 2670 1096 2732 ullo
1111 2688 1200 2734 sensu
1210 2671 1345 2731 futurum

231 2756 276 2815 sit.
308 2753 433 2815 Adiuvat
448 2754 534 2814 etiam
549 2759 629 2815 aetas
644 2760 673 2815 et
687 2761 751 2815 acta
766 2756 824 2814 iam
835 2755 909 2824 vita,
926 2773 1001 2835 quae
1015 2774 1083 2817 oum
1095 2772 1185 2817 cursu
1199 2772 1254 2816 suo
1267 2753 1345 2814 benc

232 2840 366 2901 conlecto
382 2837 557 2904 delectatur,
579 2844 642 2898 tum
653 2844 731 2900 vetat
758 2839 789 2899 in
806 2856 842 2899 eo
861 2840 920 2899 vim
935 2840 1053 2910 timere,
1078 2856 1136 2919 quo
1150 2857 1206 2900 uos
1220 2839 1278 2898 iam
1291 2854 1344 2895 na·

230 2930 296 2985 tura
320 2925 383 3002 ipsa
405 2940 498 3000 paene
515 2922 695 3000 perduxerit.
723 2922 878 2984 Postremo
903 2925 928 2983 is
948 2925 992 2984 vir
1007 2924 1053 2985 rel
1074 2926 1161 2986 etiam
1182 2926 1204 2984 ii
1219 2922 1274 2982 viri
1284 2921 1343 2981 hoc

230 3006 309 3069 bello
331 3006 517 3075 occiderunt,
548 3015 582 3067 ut
602 3006 785 3085 impudentia
820 3008 953 3068 videatur
979 3009 1104 3068 eandem
1124 3007 1290 3076 lortuuam,
1319 3006 1343 3065 si

232 3110 282 3153 res
298 3097 398 3168 cogat,
420 3107 569 3151 recusare.
599 3088 742 3169 Equidem
755 3090 827 3151 milri
838 3092 937 3151 omnia
951 3106 1097 3169 propono,
1116 3108 1173 3150 noc
1189 3087 1283 3149 ullum
1301 3094 1344 3149 est

232 3183 347 3237 tautum
362 3172 481 3243 malum,
505 3174 585 3253 quod
601 3192 662 3234 non
677 3182 778 3255 putem
788 3174 971 3253 impendere.
1001 3174 1060 3235 Sed
1074 3172 1222 3252 sumplus
1236 3174 1267 3234 in
1281 3192 1343 3234 me·

230 3260 340 3322 tuendo
363 3258 433 3320 mali
448 3260 486 3319 sit
506 3276 594 3341 quam
609 3260 638 3319 iu
653 3261 718 3339 ipso
731 3257 797 3329 illo,
820 3258 898 3337 quod
913 3259 1047 3330 timetur,
1070 3259 1183 3328 desino,
1206 3275 1342 3337 praeser-

231 3347 285 3405 tim
301 3362 369 3406 cum
386 3343 416 3405 id
437 3342 613 3423 impendeat,
635 3344 665 3404 in
682 3362 739 3422 quo
752 3360 813 3403 non
827 3342 916 3403 modo
931 3342 1015 3404 dolor
1030 3342 1137 3413 nullus,
1159 3359 1263 3405 verum
1276 3340 1345 3401 finis

232 3532 265 3594 §.¹
277 3534 300 3584 3.
317 3556 350 3566 -
363 3528 462 3597 optimc
485 3525 665 3593 senserimus]
693 3526 759 3581 dass
811 3526 1041 3595 Bedingnngden
1052 3526 1177 3580 Friedcn
1186 3524 1340 3578 wrinsehte.

232 3597 285 3649 wir
297 3596 389 3663 (nicht
401 3611 455 3647 nur
468 3594 517 3647 das
526 3595 611 3657 Gute,
625 3594 760 3659 sondern)
813 3620 846 3633 ·-
858 3595 889 3646 itt
902 3634 908 3646 .
921 3630 928 3646 .
943 3594 1042 3661 laude]
1061 3595 1093 3647 in
1110 3597 1160 3647 der
1175 3594 1266 3658 Elarc,
1283 3592 1339 3644 di.

234 3680 318 3731 sogor
341 3664 391 3717 das
412 3664 498 3715 Beate
521 3661 636 3743 gewollt
659 3662 761 3715 haban.
812 3662 1062 3743 iunsscsitzedq
1072 3661 1156 3714 Eltrc.
1173 3660 1340 3741 Dielfrdpo-

231 3729 669 3868 ictida¹lt⁷antllltlt
694 3728 763 3849 352¹.
811 3728 1341 3864 titilillnttlt'litii&

232 3867 285 3919 III.
296 3872 337 3920 27.
351 3871 376 3920 2.
390 3894 421 3903 -·-
434 3863 518 3933 Eius]
533 3882 571 3917 se,
582 3863 762 3919 Caesarine·
814 3882 891 3945 quo:
904 3902 910 3915 .
924 3864 1047 3931 doleam]
1062 3861 1341 3917 dasVaterlsndwar

264 4000 515 4067 4.nidisscmcplus
535 3999 760 4051 dassichweiter
811 4015 841 4051 es
860 3998 940 4050 nicht
955 3997 1228 4058 soltrncrzliehwar,
1258 4012 1288 4047 es
1304 4010 1341 4046 an

231 4066 352 4133 genehen
365 4067 438 4119 elenu
449 4066 520 4120 dicii
539 4065 759 4135 rigentPompc-
811 4065 976 4122 cutbehren.
986 4094 1021 4105 -·
1030 4060 1342 4133 cumidld.i.dchod;

229 4136 323 4200 jener,
331 4133 464 4186 dicessit
472 4132 678 4201 leichthieltcn,
687 4134 759 4187 Cae·
810 4134 915 4187 ebenso
933 4134 952 4190 i.
971 4136 1004 4189 F.
1016 4136 1048 4188 io
1060 4151 1091 4187 co
1101 4154 1136 4179 -ε
1146 4134 1195 4183 da.
1204 4158 1236 4169 -
1248 4132 1273 4183 is
1284 4128 1340 4197 vir]

228 4200 672 4267 ,sarzubcsiagennalsiebnnter
674 4201 759 4269 jeder
810 4201 970 4273 Pompeias.
985 4198 1341 4266 —clesino]sc.1oetuere·

233 3936 266 3986 de
282 3932 357 4001 illis]
377 3933 423 3985 die
440 3932 636 4118 Poijaner.
653 3956 688 3970 -
813 3948 845 3983 ιιι
862 3947 951 3983 ernam
970 3930 1083 3984 solehcn
1100 3931 1257 3993 Zustuude,
1276 3928 1340 3980 <lasa
